3600 5454
886 304 907 375 1

787 403 1001 412 ——-.

203 498 285 570 libro
313 501 367 591 qui
394 504 578 572 inscribitur
606 505 949 591 Oonjugationssystem
976 508 1032 571 des
1060 507 1219 586 Sanskrit,
1245 504 1480 589 Lateiniscbeu,
1511 502 1597 574 Per-

203 612 338 692 siscben,
368 612 605 690 Griechischen,
633 614 894 690 Germanischen‚
921 613 1048 677 Franks.
1079 615 1178 693 1816,
1207 639 1268 701 quo
1297 617 1383 681 edito
1407 617 1597 699 linguarum

203 720 379 783 ariaearnm
401 721 525 784 ratione
547 742 584 784 00
602 721 653 784 via
671 721 952 805 comparandarum
971 720 1209 787 fundamentum
1227 724 1309 801 iecit,
1335 745 1404 787 enm
1424 725 1463 787 de
1482 721 1596 786 infini-

202 827 268 890 tivo
292 848 403 908 graeco
427 827 614 911 disputaret,
638 850 667 911 p.
688 828 738 891 71·
752 827 830 893 baec
853 827 1028 891 addidisse:
1052 828 1116 892 tale
1140 830 1311 913 quidquam
1334 853 1372 893 ex
1390 829 1596 894 substantivo

203 937 235 996 et
258 927 353 997 verbo
377 932 554 1011 conflatum,
577 936 661 1018 quod
685 956 752 999 esse
775 933 966 998 infinitivum
988 932 1152 1016 fingerent,
1175 937 1302 1001 omniuo
1321 938 1354 999 iu
1372 937 1460 1000 nulla
1477 936 1597 1018 lingua

202 1040 335 1122 reperiri
368 1045 400 1104 et
431 1040 495 1104 tale
526 1046 701 1105 monstrum
732 1063 803 1105 eum
832 1041 997 1104 Centauris
1029 1041 1208 1106 fabularum
1240 1043 1482 1126 comparandum
1511 1064 1594 1107 esse.

201 1146 340 1228 Boppius
360 1147 443 1210 euim
461 1148 494 1210 in
513 1147 656 1212 omnibus
670 1149 786 1231 linguis
801 1169 880 1232 quae
895 1149 1047 1212 sanserite
1061 1150 1197 1213 sermoni
1211 1155 1363 1232 cognatae
1378 1156 1451 1213 sunt
1465 1169 1595 1230 graeca,

202 1252 312 1329 latina,
335 1255 465 1337 persica,
488 1256 600 1336 getica,
622 1257 808 1337 germanicis
832 1253 1021 1318 infinitivum
1044 1276 1111 1319 esse
1130 1255 1360 1319 substantivum
1380 1257 1595 1320 contenderat

202 1359 348 1442 idemque
376 1361 460 1424 inter
487 1359 677 1425 infinitivum
704 1362 837 1425 articulo
865 1361 915 1424 vel
941 1362 1130 1425 instructum
1157 1361 1207 1425 vel
1234 1361 1380 1425 orbatum
1406 1362 1593 1445 linguarum

202 1468 451 1546 germanicarum
469 1472 501 1531 et
519 1488 650 1548 graecae
673 1473 704 1532 et
722 1466 912 1532 infinitivum
930 1468 1058 1545 nudum,
1082 1469 1276 1551 gerundium,
1298 1467 1443 1551 supinum
1462 1468 1594 1550 linguae

202 1572 320 1637 latinae
339 1573 506 1637 discrimen
525 1575 567 1637 ad
586 1575 683 1658 ipsius
702 1575 750 1638 rei
768 1581 900 1639 naturae
918 1575 1079 1658 pertinens
1094 1575 1288 1639 intercedere
1303 1579 1473 1656 negaverat
1487 1596 1517 1657 p.
1534 1575 1592 1651 38,

204 1679 255 1756 71,
281 1680 353 1756 107,
379 1680 450 1743 132.
488 1680 589 1757 Quam
610 1682 712 1765 Boppi
736 1683 925 1746 sententiam
948 1681 1144 1765 impugnavit
1166 1681 1341 1746 Guilelmus
1360 1680 1593 1745 Humboldtius

202 1787 235 1849 in
255 1785 411 1869 Schlegeli
433 1767 645 1852 bibliothecae
668 1788 792 1853 indicae
815 1788 874 1853 vol.
893 1787 943 1865 Il,
962 1810 989 1852 a.
1011 1788 1106 1852 1824.
1144 1788 1205 1864 Qui
1225 1810 1294 1851 cnm
1313 1788 1451 1852 omnium
1469 1788 1592 1851 acutis-

202 1893 280 1957 sime
302 1893 385 1957 hanc
406 1915 474 1958 rem
492 1894 697 1977 investigasse
716 1895 867 1959 dicendus
886 1895 937 1971 sit,
960 1895 1037 1977 quid
1055 1895 1096 1958 de
1113 1893 1269 1959 infinitivo
1288 1894 1430 1970 senserit,
1448 1893 1593 1958 breviter

202 2020 357 2084 exponere
380 2001 414 2064 in
437 2001 541 2064 animo
565 2006 620 2066 est.
659 2001 690 2065 Is
713 2002 811 2084 igitur
833 2002 867 2064 iu
889 2001 973 2065 hunc
996 2001 1062 2064 fere
1079 2000 1206 2065 modum
1225 2001 1367 2084 disputat
1385 2023 1413 2084 p.
1435 1999 1486 2076 74,
1505 2022 1592 2084 sqq:

201 2130 235 2172 se
253 2107 339 2172 nullo
357 2108 451 2172 modo
470 2108 583 2172 adduci
601 2129 699 2191 posse,
724 2114 760 2171 ut
778 2129 887 2172 verum
904 2105 1095 2172 infinitivum
1114 2129 1184 2171 eum
1202 2114 1295 2172 verbo
1314 2109 1455 2172 iunctum
1473 2127 1592 2173 nomen

202 2234 269 2278 esse
288 2215 403 2294 credat,
426 2236 485 2278 nee
503 2215 659 2292 dubitare,
682 2215 758 2299 quin
776 2215 970 2298 aliquantum
988 2215 1115 2278 intersit
1133 2216 1217 2278 iuter
1235 2215 1318 2278 hanc
1335 2219 1500 2297 utramque
1519 2235 1591 2278 seu-

202 2321 335 2384 tentiam
357 2320 422 2406 ,ich
448 2320 531 2385 habe
553 2322 632 2386 Lust
654 2343 693 2384 zu
712 2310 816 2386 esseu’
841 2327 873 2386 et
895 2321 960 2408 ,ich
982 2321 1065 2385 habe
1088 2321 1167 2386 Lust
1189 2343 1260 2384 zum
1284 2319 1437 2407 essentq
1473 2319 1589 2403 ltaque

201 2428 266 2490 tria
289 2428 511 2510 distinguenda
534 2449 600 2493 esse
623 2449 739 2510 genera
762 2450 791 2512 p.
810 2429 853 2492 99
878 2430 963 2508 dicit,
987 2428 1021 2515 a)
1045 2427 1236 2492 infinitivum
1253 2449 1310 2511 per
1328 2448 1361 2491 se
1380 2428 1482 2510 ipsum
1500 2449 1588 2509 spee

201 2541 313 2611 tatum,
334 2534 370 2620 b)
393 2533 585 2599 infinitivum
607 2535 796 2601 substantivi
817 2535 885 2600 loeo
908 2538 1046 2620 positum
1069 2536 1133 2600 sive
1152 2536 1367 2618 gerundivum,
1391 2534 1421 2620 c)
1442 2533 1587 2598 substan-

201 2643 301 2707 tivum
318 2641 452 2706 verbale.
484 2642 589 2725 Atque
607 2642 696 2706 illum
715 2643 842 2727 quidem
860 2641 1058 2718 infinitivum,
1075 2663 1168 2725 quem
1186 2663 1292 2705 verum
1313 2627 1381 2705 esse
1398 2642 1586 2724 supradixi,

202 2749 341 2813 medium
357 2748 460 2812 locum
479 2748 621 2813 obtinere
640 2750 723 2813 inter
741 2749 944 2832 participium
962 2755 994 2813 et
1012 2770 1134 2827 nomen,
1154 2770 1218 2813 non
1236 2755 1272 2812 ut
1287 2749 1452 2832 utriusque
1466 2747 1583 2812 formae

202 2862 348 2919 naturam
370 2857 404 2918 in
427 2877 459 2920 se
482 2857 723 2940 complectatur,
750 2857 806 2921 sed
829 2862 865 2919 ut
888 2855 929 2920 ab
952 2856 1007 2921 illc
1030 2853 1230 2938 proficiscens
1252 2857 1294 2920 01
1317 2856 1377 2920 hoc
1399 2861 1463 2918 tam
1483 2873 1579 2935 prope

201 2963 339 3040 accedat,
357 2968 394 3026 ut
412 2963 559 3027 facillime
577 2964 714 3027 transire
732 2963 765 3025 iu
783 2963 849 3026 eius
869 2967 901 3026 et
918 2962 981 3025 vim
1001 2967 1032 3026 et
1051 2961 1184 3026 formam
1202 2963 1309 3045 possit.
1341 2960 1460 3026 Deinde
1477 2955 1579 3021 infini-

201 3072 297 3147 tivus
326 3072 378 3155 qui
406 3077 522 3135 natura
548 3091 606 3134 sua
634 3092 672 3133 ex
699 3069 796 3135 verbe
824 3068 913 3134 finito
936 3070 1113 3148 modorum,
1141 3090 1355 3145 numerorum,
1382 3086 1584 3152 personarum

202 3176 430 3258 significatione
454 3178 606 3243 destituto
630 3177 764 3254 oriatur,
787 3177 814 3242 si
837 3176 893 3240 alii
916 3176 1090 3241 subiciatur
1113 3177 1218 3253 verbo,
1240 3177 1339 3260 ipsius
1361 3175 1522 3240 notionem
1544 3171 1586 3235 ad

202 3285 376 3349 subiectum
399 3284 487 3348 verbi
506 3285 645 3366 regentis
664 3285 799 3349 transire
817 3306 847 3367 p.
869 3284 920 3360 82,
940 3284 990 3347 87.
1028 3283 1119 3348 Hane
1137 3289 1244 3347 autem
1262 3282 1474 3347 conditionem
1492 3276 1587 3364 prout

201 3390 301 3456 libeat
319 3391 389 3455 tolli
409 3395 440 3454 et
460 3389 649 3454 infinitivum
662 3390 850 3455 substantivi
865 3390 968 3455 forma
980 3391 1070 3455 indui
1084 3412 1184 3474 posse,
1203 3411 1264 3475 quo
1278 3389 1362 3454 facto
1377 3411 1449 3453 eum
1462 3389 1587 3472 plenam

202 3498 329 3583 quidem
346 3497 481 3562 nominis
499 3499 563 3562 vim
581 3518 618 3562 00
635 3502 833 3581 potestatem,
852 3502 1005 3581 quatenus
1024 3498 1057 3561 in
1076 3497 1174 3580 ipsius
1192 3503 1340 3560 naturam
1354 3498 1466 3560 cadere
1479 3494 1587 3578 possit,

292 3746 317 3815 r)
336 3745 409 3800 Illud
429 3745 501 3814 quod
520 3744 618 3800 statuit
636 3744 830 3801 Hnmboldtius
850 3745 998 3802 discrimen
1017 3744 1046 3821 iu
1065 3745 1265 3812 dubitationem
1285 3743 1393 3800 vocavit
1410 3744 1454 3798 W.
1469 3742 1585 3806 Liudau,

204 3835 251 3903 qui
270 3834 298 3887 in
317 3834 413 3888 libello
433 3835 466 3889 de
486 3834 631 3903 particulis
650 3842 681 3889 ut
701 3842 728 3889 01
748 3836 819 3905 qued
838 3836 919 3891 Halis
939 3837 1001 3891 Sex.
1023 3837 1092 3891 1831
1111 3836 1186 3890 edito
1205 3836 1239 3890 de
1260 3850 1293 3889 00
1311 3851 1341 3888 re
1360 3836 1430 3889 haee
1450 3834 1520 3886 bene
1540 3847 1586 3884 ex-

202 3924 327 3993 posuisse
351 3924 419 3977 mihi
443 3923 552 3978 videtur
574 3941 600 3992 p.
622 3926 686 3979 113:
710 3925 762 3979 mir
786 3927 890 3980 kemmt
916 3943 945 3981 00
969 3942 1024 3992 vor,
1048 3924 1089 3979 als
1113 3941 1191 3978 wenn
1215 3923 1260 3977 die
1278 3909 1439 3988 Beziehung
1462 3920 1518 3972 und
1541 3916 1586 3968 die

203 4012 344 4081 Innigkeit
366 4013 416 4067 der
438 4012 618 4081 Verbindnng
642 4015 691 4068 der
713 4016 783 4069 Lust
805 4032 840 4069 zu
863 4031 943 4069 essen
966 4015 1021 4068 und
1045 4014 1094 4068 der
1113 4014 1181 4067 Lust
1204 4029 1265 4066 zum
1284 4012 1372 4064 Essen
1394 4006 1486 4076 gleieh
1509 4013 1586 4068 gross

203 4107 288 4169 wtre3
317 4102 371 4155 und
399 4101 436 4155 ist
463 4103 534 4156 auch
563 4102 600 4156 im
627 4104 743 4159 zveiten
767 4104 812 4159 die
836 4103 1073 4171 Selbst'andigkeit
1097 4102 1145 4154 des
1168 4100 1297 4166 0bjectes
1321 4097 1371 4148 der
1393 4096 1462 4146 Lnst
1485 4089 1514 4141 in
1537 4085 1586 4138 der

203 4192 325 4259 Spreche
348 4191 496 4246 markirter
520 4193 713 4262 ausgedrtiekt,
738 4211 767 4248 se
791 4193 827 4247 ist
850 4192 888 4246 im
908 4199 1000 4247 ersten
1020 4190 1065 4245 die
1084 4185 1262 4252 Vorstellung
1281 4183 1331 4236 der
1349 4182 1417 4234 Lnst
1436 4177 1514 4230 nicht
1533 4188 1585 4227 we-

202 4279 281 4348 niger
300 4279 350 4333 auf
367 4286 449 4336 etwas
469 4281 649 4350 angeviesen,
669 4299 724 4336 was
743 4282 788 4335 for
807 4281 866 4335 sich
885 4281 941 4334 und
961 4294 1057 4334 ausser
1075 4277 1137 4330 dem
1152 4273 1280 4339 Subjecte
1300 4267 1453 4323 bestehend
1468 4262 1586 4334 gedacht

203 4368 277 4423 wird.
315 4370 346 4423 In
375 4370 474 4425 beiden
497 4371 595 4425 Fallen
624 4371 725 4425 drl'rckt
752 4388 790 4424 zu
818 4367 864 4422 die
886 4368 1027 4434 Richtung
1054 4365 1104 4418 der
1126 4363 1195 4416 Lust
1217 4360 1289 4414 nach
1313 4374 1412 4412 ausser
1436 4355 1485 4410 auf
1507 4353 1586 4406 ihren

203 4459 380 4527 Gegenstand
400 4476 449 4514 aus
468 4461 523 4514 und
542 4460 587 4514 fsrr
606 4461 646 4514 sie
666 4460 740 4512 kann
760 4472 788 4510 00
808 4454 909 4508 keinen
924 4451 1108 4508 Unterschied
1127 4449 1224 4518 geben,
1244 4448 1278 4502 ob
1298 4447 1351 4502 die
1365 4442 1587 4505 Vorstellung

203 4547 320 4602 diesen
344 4549 560 4617 Gegenstand
589 4550 630 4602 als
660 4546 704 4600 ein
728 4542 896 4607 Handeln,
927 4542 975 4596 100
1004 4540 1071 4594 aber
1098 4539 1143 4592 fur
1163 4537 1246 4606 jeden
1270 4535 1414 4591 einzelnen
1437 4531 1500 4587 Fall
1525 4528 1586 4582 eine

202 4636 352 4706 Handlung
375 4637 451 4703 vird,
475 4638 542 4692 oder
565 4637 607 4690 als
631 4635 693 4689 eine
712 4634 818 4687 Sache
838 4630 967 4684 darstellt
984 4630 1040 4683 und
1060 4628 1088 4682 in
1108 4628 1157 4682 der
1175 4628 1297 4695 Sprache
1316 4624 1480 4689 ausdruckt3
1504 4617 1587 4672 beide

202 4725 291 4780 haben
316 4725 361 4780 fur
384 4726 425 4780 sie
444 4726 490 4781 die
509 4725 630 4792 Geltung
649 4722 725 4776 eines
744 4717 962 4776 Substantielleu
980 4718 1037 4772 und
1056 4716 1117 4772 sind
1136 4716 1273 4770 materiell
1293 4715 1348 4770 und
1368 4709 1538 4768 einwirkend
1559 4706 1588 4760 iu

201 4802 294 4884 Bezug
314 4814 363 4870 aul
380 4814 425 4869 die
435 4812 649 4910 ‘Genngthunng
667 4811 717 4865 der
735 4811 812 4864 Luat.
