3600 5454
959 290 1003 353 92

290 483 531 564 praecedentem
564 483 736 548 infinitivus
768 487 928 551 interdum
956 488 1085 569 excipit,
1117 493 1154 550 ut
1181 491 1220 566 Γ,
1239 487 1318 551 4581
1352 477 1442 569 ὑμεῖς
1471 476 1500 549 d'
1527 476 1673 568 Ἀργείην

286 579 426 676 Ἑλένην
445 592 501 654 καὶ
520 584 664 678 κτήμαθ’
684 583 738 675 ἅμ’
758 586 841 677 αὐτῇ
861 591 996 660 ἔκδοτε
1017 597 1072 658 καὶ
1088 587 1186 681 τιμὴν
1201 587 1450 677 ἀποτινέμεν.
1481 596 1521 670 H,
1537 593 1578 655 78
1594 613 1674 674 sqq:

290 691 407 779 τεύχεα
431 694 600 785 συλήσας
623 699 754 784 φερέτω
778 703 893 779 κοίλας
917 701 972 767 ἐπὶ
995 710 1090 788 νῆας,
1119 709 1213 785 σῶμα
1239 702 1273 766 dh
1298 693 1407 766 οἴκαδ’
1431 691 1511 781 ἐμὸν
1536 694 1674 781 δόμεναι

290 799 402 868 πάλιν.

380 912 524 978 Latina.
563 915 710 992 Quamvis
734 939 807 981 rara
830 918 893 982 sint
916 918 1016 982 latina
1039 920 1194 1002 exempla,
1222 925 1328 982 tamen
1352 916 1429 981 mihi
1453 917 1580 998 quidem
1602 936 1674 998 per-

291 1039 419 1083 suasum
442 1026 490 1084 est
514 1021 703 1087 infinitivum
727 1026 904 1107 imperativi
923 1048 1051 1090 munere
1070 1026 1158 1109 finrgi
1177 1026 1263 1091 hisce
1282 1025 1358 1088 locis
1376 1023 1566 1105 Vergilianis
1585 1029 1618 1087 et
1637 1020 1673 1085 A.

290 1124 348 1201 111,
366 1126 446 1190 405:
468 1150 635 1209 purpureo
663 1132 790 1195 'caelare
817 1153 921 1196 coritas
950 1135 1122 1213 adopertas
1145 1135 1262 1197 avrtiotn
1286 1137 1318 1196 et
1341 1131 1381 1206 ll,
1401 1130 1479 1193 7071
1507 1150 1581 1210 erpo
1604 1150 1673 1210 cpe,

290 1254 363 1297 core
380 1239 483 1314 poter,
502 1237 614 1301 ceraiei
632 1239 822 1317 imponere
840 1245 976 1304 nostrae.
1011 1241 1105 1304 Haud
1124 1240 1188 1304 scio
1207 1262 1248 1303 an
1266 1239 1337 1302 aliis
1355 1258 1480 1320 quoque
1498 1236 1575 1300 locis
1594 1235 1674 1300 Vor-

290 1339 416 1422 gilianis
440 1341 476 1404 A.
496 1342 565 1419 Vll,
586 1344 648 1407 126
678 1351 710 1408 et
734 1345 770 1409 G.
789 1346 846 1421 ΙΙΙ,
865 1347 1041 1410 330-335
1070 1346 1217 1410 infinitivi
1242 1349 1287 1409 ita
1310 1344 1487 1426 explicandi
1511 1344 1583 1407 sint.
1622 1342 1674 1405 ln-

290 1451 395 1511 certus
422 1453 528 1512 autem
556 1450 642 1514 locus
671 1457 718 1515 est
747 1452 786 1528 ΙΙ,
805 1452 884 1516 3511
916 1455 944 1516 si
971 1455 1057 1517 cobis
1085 1455 1250 1517 eiulantem
1278 1457 1417 1515 1111111111
1445 1450 1560 1528 cupido
1588 1453 1674 1512 certo

290 1555 409 1635 sequi,
430 1576 493 1638 quo
512 1555 580 1621 loco
599 1557 796 1641 Ladev'igius
815 1582 872 1643 pro
891 1560 1114 1646 ‘acteonem’
1133 1560 1210 1642 legit
1229 1557 1433 1645 ί11117111ιί1,
1452 1578 1545 1640 quam
1564 1557 1674 1620 lectio-

290 1681 363 1744 nem
381 1660 444 1725 iam
459 1661 585 1727 Servius
603 1666 742 1748 spuriam
762 1687 829 1731 esse
847 1667 1008 1743 iudicavit,
1027 1675 1122 1751 atque
1138 1666 1327 1731 infinitivum
1344 1663 1477 1751 ‘sequi'
1495 1662 1675 1745 imperativi

291 1768 358 1831 loco
386 1768 524 1850 positum
553 1792 620 1835 esse
644 1772 811 1837 existimat.
849 1774 892 1838 At
915 1776 943 1839 si
965 1773 1193 1860 ‘cedeonem’
1215 1762 1364 1856 legimus,
1390 1794 1485 1856 quam
1507 1771 1675 1835 lectionem

290 1873 530 1956 praeferendam
558 1898 625 1943 esso
652 1886 743 1961 puto,
775 1879 966 1945 infinitivum
993 1903 1032 1946 ex
1060 1881 1188 1947 vocibus
1215 1886 1331 1967 ,certe
1358 1879 1508 1961 capido’
1536 1880 1675 1962 pendere

292 2002 420 2046 necesse
448 1989 504 2046 est.
542 1984 614 2049 Non
641 1987 752 2067 ignoro
780 1988 907 2071 quidem
935 2011 1011 2065 esse,
1039 1990 1093 2071 qui
1120 1989 1205 2053 hunc
1231 1987 1379 2052 infinitivi
1404 2009 1496 2052 usum
1517 1987 1676 2051 Romanos

290 2091 414 2153 novisse
445 2097 574 2172 negent,
607 2093 639 2155 in
673 2116 735 2175 quo
769 2116 897 2159 numero
931 2103 979 2159 est
1006 2096 1207 2171 Weidnerus,
1240 2096 1294 2177 qui
1320 2095 1354 2158 in
1381 2095 1604 2159 commentario
1633 2094 1676 2158 ad

290 2194 383 2278 Verg.
404 2195 439 2259 Α.
458 2197 500 2274 ΙΙ,
520 2199 582 2262 707
604 2199 821 2266 int'initivos
840 2204 1056 2288 ι1111101111ιέ
1075 2208 1108 2267 et
1126 2202 1279 2288 ‘velare'
1297 2223 1355 2284 pro
1375 2201 1567 2283 imperativis
1587 2199 1675 2264 verbi

289 2302 406 2384 passivi
434 2305 632 2386 accipiendos
656 2328 724 2372 esso
747 2309 838 2385 dicit,
866 2310 950 2392 qnod
973 2311 1073 2386 locus,
1101 2332 1139 2374 ex
1163 2332 1224 2393 quo
1247 2310 1300 2373 hic
1321 2331 1396 2373 usus
1420 2308 1596 2372 luculenter
1618 2330 1675 2389 ap-

288 2414 417 2491 pareret
444 2411 583 2474 nondum
606 2413 721 2478 allatus
745 2417 793 2479 sit.
832 2416 876 2480 At
899 2439 970 2480 cum
994 2418 1190 2500 Ladewigius
1213 2418 1255 2479 ad
1277 2416 1370 2498 Verg.
1389 2414 1425 2478 Α.
1445 2415 1484 2490 ΙΙ,
1503 2415 1567 2478 349
1592 2415 1675 2478 eius-

290 2516 375 2578 modi
395 2517 497 2580 locum
517 2520 571 2600 qui
591 2521 731 2584 exomni
750 2529 842 2603 parte
861 2522 1036 2587 satisfaciat
1055 2524 1148 2588 affert
1167 2544 1205 2586 ex
1223 2523 1325 2586 Valer.
1344 2522 1445 2586 Flace.
1465 2521 1522 2597 ΙΙΙ,
1540 2521 1619 2583 4121
1639 2525 1675 2583 ta

291 2623 391 2686 socios
414 2623 594 2688 adbibere
617 2628 727 2705 serris,
754 2634 821 2692 tum
845 2629 1014 2712 Vergilius,
1037 2631 1091 2714 qui
1109 2631 1280 2694 Homerum
1302 2635 1371 2693 toto
1395 2648 1508 2710 genere
1530 2627 1697 2720 imitatus·

290 2735 346 2805 est,
365 2728 450 2794 hunc
467 2730 659 2813 peculiarem
679 2733 825 2798 infinitivi
843 2758 933 2800 usum
953 2759 991 2800 ex
1011 2759 1122 2818 graeco
1141 2758 1284 2800 sermone
1304 2737 1335 2798 in
1354 2735 1487 2799 latinum
1501 2732 1675 2797 transferre

288 2837 395 2917 potuit
418 2857 476 2900 neo
499 2841 669 2903 verendum
694 2847 770 2916 erat,
793 2863 833 2904 ne
857 2843 934 2926 quid
957 2849 1052 2925 poeta
1075 2843 1135 2907 hoc
1158 2842 1283 2906 dicendi
1302 2862 1416 2923 genere
1434 2841 1556 2904 adscito
1574 2840 1675 2904 intro·

289 2939 427 3017 duceret,
446 2945 531 3025 quod
549 2945 590 3008 ab
610 2946 716 3011 indole
734 2947 860 3030 linguae
879 2949 997 3013 latinae
1016 2955 1098 3014 esset
1116 2949 1350 3012 alienissimum.
1387 2946 1572 3011 Latinorum
1591 2946 1676 3010 enim

289 3046 446 3124 infinitivi,
469 3073 547 3132 quos
566 3074 605 3116 ex
623 3053 730 3117 dativo
750 3055 903 3137 originem
922 3057 1056 3120 traxisse
1075 3076 1144 3138 pag.
1166 3055 1296 3118 12-13
1316 3054 1526 3135 cognovimus,
1544 3053 1584 3116 oh
1605 3074 1676 3116 earn

289 3155 390 3235 ipsam
413 3178 540 3221 causam
562 3180 625 3223 non
644 3159 747 3225 minus
766 3182 860 3243 quarn
879 3163 978 3226 vedici
999 3164 1031 3226 in
1054 3161 1212 3245 -adhyai
1235 3162 1383 3225 cadentes
1401 3160 1476 3224 huic
1493 3160 1563 3223 usui
1583 3167 1675 3224 erant

290 3257 403 3324 idonei.

380 3366 521 3432 Getica.
559 3370 608 3433 Ex
624 3371 654 3435 ·Ι.
679 3371 813 3437 Grimmi
840 3395 969 3455 gramm.
993 3376 1048 3451 IV,
1071 3397 1141 3458 pag.
1166 3376 1208 3440 86
1237 3376 1387 3456 depromo
1416 3372 1494 3436 haec
1518 3373 1675 3455 exempla:

290 3470 364 3535 Luc.
384 3472 414 3547 9,
433 3473 467 3536 3:
492 3473 547 3536 nih
569 3481 634 3557 ban
657 3478 800 3542 tveihnos
823 3482 935 3561 paidos
958 3481 1095 3557 haban,
1118 3478 1197 3567 μήτε
1223 3472 1288 3545 ἀνὰ
1313 3475 1373 3543 δύο
1390 3484 1535 3561 χιτῶνας
1559 3474 1676 3561 ἔχειν,

289 3598 351 3660 quo
380 3578 447 3644 loco
475 3581 680 3663 imperativus
707 3585 881 3648 antecedit:
908 3585 1011 3670 μηδὲν
1040 3586 1169 3669 αἴρετε
1194 3586 1240 3661 εἰς
1263 3577 1324 3670 τὴν
1348 3577 1432 3648 ὁδόν
1450 3615 1493 3640 =
1512 3584 1546 3648 ni
1568 3584 1676 3648 vaiht

289 3683 407 3766 nimaip
427 3687 459 3749 in
478 3688 538 3768 vig.
567 3688 640 3752 Alia
659 3695 706 3753 est
725 3692 807 3754 ratio
827 3691 894 3755 eius
913 3692 983 3767 loci,
1004 3694 1058 3775 qui
1077 3693 1100 3755 l.
1121 3692 1189 3756 Cor.
1212 3693 1240 3767 7,
1262 3693 1366 3769 10,11
1388 3691 1518 3772 legitur:
1538 3691 1570 3771 ip
1589 3691 1677 3773 paim

289 3786 409 3870 liugom
430 3791 552 3856 haftam
576 3794 742 3871 anabiuda
765 3798 798 3859 ni
823 3798 865 3872 ik,
889 3797 931 3862 ak
953 3798 1067 3882 frauja,
1090 3801 1184 3880 qenai
1207 3797 1305 3862 fairra
1327 3797 1402 3862 abin
1420 3798 1454 3859 ni
1472 3796 1618 3872 skaidan;
1643 3798 1676 3878 ip

286 3894 376 3977 jabai
404 3897 603 3979 gaskaidnai,
630 3900 737 3964 visan
765 3903 950 3985 unliugaida
972 3905 1090 3988 aippau
1114 3907 1157 3969 dn
1181 3904 1255 3970 abin
1278 3906 1451 3968 seinamma
1473 3902 1558 3966 aftra
1580 3923 1676 3986 gaga

289 4003 448 4085 vairpjan,
472 4003 530 4086 jah
557 4006 632 4069 abin
660 4029 720 4090 qen
748 4009 781 4070 ni
808 4009 951 4075 fraletan.
998 4012 1066 4076 Hoc
1093 4013 1177 4076 enirn
1204 4012 1273 4075 loco
1300 4009 1414 4074 Ulfilas
1441 4030 1554 4092 graeca
1581 4007 1677 4073 verba

290 4107 427 4194 pavito>
447 4103 579 4194 c'iyopog'
599 4113 704 4177 reddit
723 4114 827 4179 verbis
851 4118 969 4200 ,visan
989 4116 1190 4199 unliugaida’,
1214 4116 1269 4182 sed
1288 4114 1461 4180 infinitivus
1479 4117 1598 4192 visan,
1622 4116 1676 4198 qui

291 4212 449 4279 infinitivo
468 4220 668 4284 antecedenti
687 4220 848 4285 skaidan
867 4230 899 4286 et
918 4224 1121 4307 subsequenti
1141 4224 1309 4287 fraletan
1327 4222 1505 4304 respondet,
1524 4243 1562 4285 ex
1580 4222 1676 4287 verbo

290 4320 482 4385 anabiuda
503 4323 628 4404 pendet.
666 4325 713 4388 Ex
732 4325 981 4409 Nibelungorum
1005 4331 1142 4393 carmine
1166 4330 1227 4394 huo
1249 4329 1410 4411 pertinent
1431 4329 1525 4392 haec:
1548 4328 1623 4403 424,
1643 4329 1677 4391 3:

291 4446 335 4488 nu
353 4427 454 4510 sptlen
472 4449 549 4492 swes
568 4430 594 4493 si
614 4431 732 4496 wellen.
761 4434 858 4510 1034,
877 4435 912 4498 3:
931 4457 974 4498 nu
992 4438 1076 4500 riten
1095 4437 1235 4500 vrouden
1254 4439 1314 4499 ane
1332 4435 1417 4499 heim
1435 4436 1468 4499 in
1486 4455 1580 4498 unser
1599 4435 1676 4498 lant.

295 4530 390 4607 1446,
412 4533 443 4594 1:
469 4554 514 4596 nu
540 4534 630 4600 lezen
658 4537 717 4601 daz
745 4538 887 4616 hebben,
914 4542 972 4605 wie
1000 4543 1046 4606 sie
1073 4543 1211 4624 gebaren
1239 4542 1300 4605 hie.
1340 4541 1434 4616 1718,
1453 4542 1487 4604 3:
1515 4540 1621 4604 bieten
1650 4543 1678 4603 ir

294 4634 346 4697 die
369 4636 429 4700 ere.
822 4645 826 4651 '

382 4741 568 4829 Priusquam
596 4748 693 4830 igitur
720 4747 814 4814 finem
842 4750 992 4817 faciamus
1020 4753 1191 4828 scribendi,
1220 4773 1355 4834 quanam
1383 4753 1506 4816 ratione
1529 4750 1677 4815 infinitivi
