<?xml version="1.0" encoding="UTF-8"?>
<!DOCTYPE html PUBLIC "-//W3C//DTD XHTML 1.0 Transitional//EN"
    "http://www.w3.org/TR/xhtml1/DTD/xhtml1-transitional.dtd">
<html xmlns="http://www.w3.org/1999/xhtml" xml:lang="en" lang="en">
 <head>
  <title>
</title>
<meta http-equiv="Content-Type" content="text/html;charset=utf-8" />
  <meta name='ocr-system' content='tesseract 3.04.00' />
  <meta name='ocr-capabilities' content='ocr_page ocr_carea ocr_par ocr_line ocrx_word'/>
</head>
<body>
  <div class='ocr_page' id='page_1' title='image "./deinfinitivilin00wilhgoog_0011.png"; bbox 0 0 3600 5454; ppageno 0'>
   <div class='ocr_carea' id='block_1_1' title="bbox 854 252 887 291">
    <p class='ocr_par' dir='ltr' id='par_1_1' title="bbox 854 252 887 291">
     <span class='ocr_line' id='line_1_1' title="bbox 854 252 887 291; baseline 0.03 -1"><span class='ocrx_word' id='word_1_1' title='bbox 854 252 887 291; x_wconf 78' lang='lat' dir='ltr'>VI</span> 
     </span>
    </p>
   </div>
   <div class='ocr_carea' id='block_1_2' title="bbox 99 405 1650 3509">
    <p class='ocr_par' dir='ltr' id='par_1_2' title="bbox 149 405 1650 3229">
     <span class='ocr_line' id='line_1_2' title="bbox 180 405 1562 531; baseline 0 -32"><span class='ocrx_word' id='word_1_2' title='bbox 180 405 299 501; x_wconf 86' lang='lat' dir='ltr'>miuus</span> <span class='ocrx_word' id='word_1_3' title='bbox 340 426 428 531; x_wconf 89' lang='lat' dir='ltr'>illud</span> <span class='ocrx_word' id='word_1_4' title='bbox 470 428 557 500; x_wconf 92' lang='lat' dir='ltr'>mihi</span> <span class='ocrx_word' id='word_1_5' title='bbox 598 429 781 524; x_wconf 83' lang='lat' dir='ltr'>probatur,</span> <span class='ocrx_word' id='word_1_6' title='bbox 823 426 918 522; x_wconf 90' lang='lat' dir='ltr'>quod</span> <span class='ocrx_word' id='word_1_7' title='bbox 961 430 997 500; x_wconf 94' lang='lat' dir='ltr'>in</span> <span class='ocrx_word' id='word_1_8' title='bbox 1039 420 1163 500; x_wconf 90' lang='lat' dir='ltr'>omues</span> <span class='ocrx_word' id='word_1_9' title='bbox 1206 430 1268 524; x_wconf 92' lang='lat' dir='ltr'>qui</span> <span class='ocrx_word' id='word_1_10' title='bbox 1309 429 1413 501; x_wconf 88' lang='lat' dir='ltr'>aliter</span> <span class='ocrx_word' id='word_1_11' title='bbox 1454 435 1562 522; x_wconf 88' lang='lat' dir='ltr'>atque</span> 
     </span>
     <span class='ocr_line' id='line_1_3' title="bbox 152 556 1591 665; baseline 0.001 -24"><span class='ocrx_word' id='word_1_12' title='bbox 152 566 259 664; x_wconf 46' lang='lat' dir='ltr'>*ipsc</span> <span class='ocrx_word' id='word_1_13' title='bbox 287 570 453 663; x_wconf 81' lang='lat' dir='ltr'>sentiunt,</span> <span class='ocrx_word' id='word_1_14' title='bbox 481 570 657 665; x_wconf 81' lang='lat' dir='ltr'>imprimis</span> <span class='ocrx_word' id='word_1_15' title='bbox 689 571 725 642; x_wconf 94' lang='lat' dir='ltr'>in</span> <span class='ocrx_word' id='word_1_16' title='bbox 755 569 1023 644; x_wconf 80' lang='lat' dir='ltr'>Sclrleicherum</span> <span class='ocrx_word' id='word_1_17' title='bbox 1052 571 1202 665; x_wconf 88' lang='lat' dir='ltr'>eiusque</span> <span class='ocrx_word' id='word_1_18' title='bbox 1230 570 1427 643; x_wconf 79' lang='lat' dir='ltr'>doctrinam</span> <span class='ocrx_word' id='word_1_19' title='bbox 1457 569 1561 642; x_wconf 90' lang='lat' dir='ltr'>vehe-</span> <span class='ocrx_word' id='word_1_20' title='bbox 1589 556 1591 560; x_wconf 36' lang='lat'>¹</span> 
     </span>
     <span class='ocr_line' id='line_1_4' title="bbox 180 712 1562 805; baseline -0.002 -19"><span class='ocrx_word' id='word_1_21' title='bbox 180 715 335 786; x_wconf 90' lang='lat' dir='ltr'>mentius</span> <span class='ocrx_word' id='word_1_22' title='bbox 363 712 550 785; x_wconf 91' lang='lat' dir='ltr'>invehitur.</span> <span class='ocrx_word' id='word_1_23' title='bbox 588 712 840 786; x_wconf 82' lang='lat' dir='ltr'>Schleichcrus</span> <span class='ocrx_word' id='word_1_24' title='bbox 865 713 968 805; x_wconf 82' lang='lat' dir='ltr'>enim,</span> <span class='ocrx_word' id='word_1_25' title='bbox 997 712 1099 784; x_wconf 88' lang='lat' dir='ltr'>cuius</span> <span class='ocrx_word' id='word_1_26' title='bbox 1127 714 1348 786; x_wconf 85' lang='lat' dir='ltr'>institutione</span> <span class='ocrx_word' id='word_1_27' title='bbox 1376 734 1562 784; x_wconf 89' lang='lat' dir='ltr'>mensum</span> 
     </span>
     <span class='ocr_line' id='line_1_5' title="bbox 182 854 1562 952; baseline 0 -24"><span class='ocrx_word' id='word_1_28' title='bbox 182 879 277 949; x_wconf 81' lang='lat' dir='ltr'>esse,</span> <span class='ocrx_word' id='word_1_29' title='bbox 320 879 399 928; x_wconf 88' lang='lat' dir='ltr'>curn</span> <span class='ocrx_word' id='word_1_30' title='bbox 442 856 553 929; x_wconf 90' lang='lat' dir='ltr'>Ienae</span> <span class='ocrx_word' id='word_1_31' title='bbox 595 857 724 928; x_wconf 90' lang='lat' dir='ltr'>litteris</span> <span class='ocrx_word' id='word_1_32' title='bbox 766 879 912 952; x_wconf 83' lang='lat' dir='ltr'>operam</span> <span class='ocrx_word' id='word_1_33' title='bbox 949 854 1085 948; x_wconf 79' lang='lat' dir='ltr'>darem,</span> <span class='ocrx_word' id='word_1_34' title='bbox 1123 878 1266 952; x_wconf 78' lang='lat' dir='ltr'>semper</span> <span class='ocrx_word' id='word_1_35' title='bbox 1302 864 1404 951; x_wconf 81' lang='lat' dir='ltr'>grato</span> <span class='ocrx_word' id='word_1_36' title='bbox 1444 858 1562 929; x_wconf 91' lang='lat' dir='ltr'>auimo</span> 
     </span>
     <span class='ocr_line' id='line_1_6' title="bbox 179 997 1563 1094; baseline -0.001 -23"><span class='ocrx_word' id='word_1_37' title='bbox 179 997 403 1091; x_wconf 80' lang='lat' dir='ltr'>recordabor,</span> <span class='ocrx_word' id='word_1_38' title='bbox 435 999 519 1071; x_wconf 87' lang='lat' dir='ltr'>licet</span> <span class='ocrx_word' id='word_1_39' title='bbox 547 999 583 1070; x_wconf 91' lang='lat' dir='ltr'>iu</span> <span class='ocrx_word' id='word_1_40' title='bbox 611 999 733 1070; x_wconf 90' lang='lat' dir='ltr'>multis</span> <span class='ocrx_word' id='word_1_41' title='bbox 762 1000 870 1078; x_wconf 87' lang='lat' dir='ltr'>rebus</span> <span class='ocrx_word' id='word_1_42' title='bbox 899 1000 1080 1091; x_wconf 82' lang='lat' dir='ltr'>erraverit,</span> <span class='ocrx_word' id='word_1_43' title='bbox 1108 1005 1226 1070; x_wconf 87' lang='lat' dir='ltr'>tamen</span> <span class='ocrx_word' id='word_1_44' title='bbox 1256 998 1301 1071; x_wconf 93' lang='lat' dir='ltr'>de</span> <span class='ocrx_word' id='word_1_45' title='bbox 1328 1001 1563 1094; x_wconf 83' lang='lat' dir='ltr'>grammatica</span> 
     </span>
     <span class='ocr_line' id='line_1_7' title="bbox 180 1115 1562 1238; baseline -0.001 -24"><span class='ocrx_word' id='word_1_46' title='bbox 180 1143 423 1237; x_wconf 89' lang='lat' dir='ltr'>comparativa</span> <span class='ocrx_word' id='word_1_47' title='bbox 451 1165 544 1237; x_wconf 91' lang='lat' dir='ltr'>quae</span> <span class='ocrx_word' id='word_1_48' title='bbox 572 1148 721 1214; x_wconf 90' lang='lat' dir='ltr'>vocatur</span> <span class='ocrx_word' id='word_1_49' title='bbox 750 1150 823 1214; x_wconf 89' lang='lat' dir='ltr'>tam</span> <span class='ocrx_word' id='word_1_50' title='bbox 851 1143 944 1214; x_wconf 88' lang='lat' dir='ltr'>benc</span> <span class='ocrx_word' id='word_1_51' title='bbox 971 1142 1120 1214; x_wconf 87' lang='lat' dir='ltr'>meritus</span> <span class='ocrx_word' id='word_1_52' title='bbox 1145 1150 1208 1234; x_wconf 82' lang='lat' dir='ltr'>est,</span> <span class='ocrx_word' id='word_1_53' title='bbox 1237 1147 1275 1214; x_wconf 92' lang='lat' dir='ltr'>ut</span> <span class='ocrx_word' id='word_1_54' title='bbox 1302 1140 1397 1238; x_wconf 90' lang='lat' dir='ltr'>apud</span> <span class='ocrx_word' id='word_1_55' title='bbox 1428 1115 1562 1234; x_wconf 81' lang='lat' dir='ltr'>omnes,</span> 
     </span>
     <span class='ocr_line' id='line_1_8' title="bbox 180 1267 1562 1390; baseline -0.001 -33"><span class='ocrx_word' id='word_1_56' title='bbox 180 1267 241 1379; x_wconf 90' lang='lat' dir='ltr'>qui</span> <span class='ocrx_word' id='word_1_57' title='bbox 273 1286 372 1357; x_wconf 89' lang='lat' dir='ltr'>nulla</span> <span class='ocrx_word' id='word_1_58' title='bbox 405 1285 571 1380; x_wconf 93' lang='lat' dir='ltr'>opinione</span> <span class='ocrx_word' id='word_1_59' title='bbox 603 1284 848 1380; x_wconf 85' lang='lat' dir='ltr'>praeiudicata</span> <span class='ocrx_word' id='word_1_60' title='bbox 880 1283 976 1356; x_wconf 91' lang='lat' dir='ltr'>ducti</span> <span class='ocrx_word' id='word_1_61' title='bbox 1010 1282 1056 1356; x_wconf 88' lang='lat' dir='ltr'>ad</span> <span class='ocrx_word' id='word_1_62' title='bbox 1089 1283 1179 1356; x_wconf 91' lang='lat' dir='ltr'>haec</span> <span class='ocrx_word' id='word_1_63' title='bbox 1212 1282 1332 1356; x_wconf 89' lang='lat' dir='ltr'>studia</span> <span class='ocrx_word' id='word_1_64' title='bbox 1364 1307 1447 1356; x_wconf 90' lang='lat' dir='ltr'>sese</span> <span class='ocrx_word' id='word_1_65' title='bbox 1481 1306 1562 1390; x_wconf 88' lang='lat' dir='ltr'>con-</span> 
     </span>
     <span class='ocr_line' id='line_1_9' title="bbox 149 1425 1562 1534; baseline 0 -36"><span class='ocrx_word' id='word_1_66' title='bbox 149 1528 152 1534; x_wconf 18' lang='lat'>.</span> <span class='ocrx_word' id='word_1_67' title='bbox 180 1427 332 1519; x_wconf 79' lang='lat' dir='ltr'>tulerint,</span> <span class='ocrx_word' id='word_1_68' title='bbox 361 1449 489 1500; x_wconf 91' lang='lat' dir='ltr'>nomen</span> <span class='ocrx_word' id='word_1_69' title='bbox 513 1427 582 1498; x_wconf 88' lang='lat' dir='ltr'>viri</span> <span class='ocrx_word' id='word_1_70' title='bbox 609 1427 707 1501; x_wconf 89' lang='lat' dir='ltr'>illius</span> <span class='ocrx_word' id='word_1_71' title='bbox 732 1427 923 1524; x_wconf 76' lang='lat' dir='ltr'>clarissimi</span> <span class='ocrx_word' id='word_1_72' title='bbox 950 1425 1145 1498; x_wconf 93' lang='lat' dir='ltr'>inhonore</span> <span class='ocrx_word' id='word_1_73' title='bbox 1173 1428 1249 1498; x_wconf 84' lang='lat' dir='ltr'>fore</span> <span class='ocrx_word' id='word_1_74' title='bbox 1272 1427 1410 1521; x_wconf 87' lang='lat' dir='ltr'>sperari</span> <span class='ocrx_word' id='word_1_75' title='bbox 1438 1427 1562 1521; x_wconf 88' lang='lat' dir='ltr'>possit.</span> 
     </span>
     <span class='ocr_line' id='line_1_10' title="bbox 179 1566 1562 1664; baseline 0 -23"><span class='ocrx_word' id='word_1_76' title='bbox 179 1571 256 1642; x_wconf 90' lang='lat' dir='ltr'>Nec</span> <span class='ocrx_word' id='word_1_77' title='bbox 296 1592 382 1642; x_wconf 88' lang='lat' dir='ltr'>vero</span> <span class='ocrx_word' id='word_1_78' title='bbox 430 1570 546 1642; x_wconf 91' lang='lat' dir='ltr'>solum</span> <span class='ocrx_word' id='word_1_79' title='bbox 588 1569 857 1643; x_wconf 81' lang='lat' dir='ltr'>Schleichcrum</span> <span class='ocrx_word' id='word_1_80' title='bbox 899 1570 1071 1642; x_wconf 87' lang='lat' dir='ltr'>conviciis</span> <span class='ocrx_word' id='word_1_81' title='bbox 1114 1571 1289 1663; x_wconf 77' lang='lat' dir='ltr'>exagitat,</span> <span class='ocrx_word' id='word_1_82' title='bbox 1336 1566 1400 1639; x_wconf 90' lang='lat' dir='ltr'>sed</span> <span class='ocrx_word' id='word_1_83' title='bbox 1443 1568 1562 1664; x_wconf 90' lang='lat' dir='ltr'>ipsum</span> 
     </span>
     <span class='ocr_line' id='line_1_11' title="bbox 178 1711 1562 1808; baseline -0.001 -23"><span class='ocrx_word' id='word_1_84' title='bbox 178 1713 367 1808; x_wconf 75' lang='lat' dir='ltr'>Boppium</span> <span class='ocrx_word' id='word_1_85' title='bbox 392 1713 508 1785; x_wconf 90' lang='lat' dir='ltr'>virum</span> <span class='ocrx_word' id='word_1_86' title='bbox 531 1713 568 1784; x_wconf 94' lang='lat' dir='ltr'>in</span> <span class='ocrx_word' id='word_1_87' title='bbox 591 1735 631 1784; x_wconf 89' lang='lat' dir='ltr'>re</span> <span class='ocrx_word' id='word_1_88' title='bbox 654 1713 799 1806; x_wconf 86' lang='lat' dir='ltr'>publica</span> <span class='ocrx_word' id='word_1_89' title='bbox 821 1713 995 1784; x_wconf 88' lang='lat' dir='ltr'>litteraria</span> <span class='ocrx_word' id='word_1_90' title='bbox 1020 1713 1177 1784; x_wconf 90' lang='lat' dir='ltr'>omnium</span> <span class='ocrx_word' id='word_1_91' title='bbox 1203 1711 1385 1783; x_wconf 92' lang='lat' dir='ltr'>nationum</span> <span class='ocrx_word' id='word_1_92' title='bbox 1405 1711 1562 1783; x_wconf 82' lang='lat' dir='ltr'>maxima</span> 
     </span>
     <span class='ocr_line' id='line_1_12' title="bbox 178 1821 1562 1952; baseline -0.001 -27"><span class='ocrx_word' id='word_1_93' title='bbox 178 1855 295 1948; x_wconf 83' lang='lat' dir='ltr'>gloria</span> <span class='ocrx_word' id='word_1_94' title='bbox 325 1821 524 1947; x_wconf 82' lang='lat' dir='ltr'>florentem,</span> <span class='ocrx_word' id='word_1_95' title='bbox 562 1856 663 1927; x_wconf 86' lang='lat' dir='ltr'>cuius</span> <span class='ocrx_word' id='word_1_96' title='bbox 701 1856 910 1952; x_wconf 80' lang='lat' dir='ltr'>memoriam</span> <span class='ocrx_word' id='word_1_97' title='bbox 948 1876 1072 1926; x_wconf 89' lang='lat' dir='ltr'>omncs</span> <span class='ocrx_word' id='word_1_98' title='bbox 1110 1854 1172 1947; x_wconf 90' lang='lat' dir='ltr'>qui</span> <span class='ocrx_word' id='word_1_99' title='bbox 1208 1853 1301 1925; x_wconf 82' lang='lat' dir='ltr'>lianc</span> <span class='ocrx_word' id='word_1_100' title='bbox 1334 1852 1562 1948; x_wconf 75' lang='lat' dir='ltr'>disciplinam</span> 
     </span>
     <span class='ocr_line' id='line_1_13' title="bbox 179 1995 1560 2092; baseline -0.002 -23"><span class='ocrx_word' id='word_1_101' title='bbox 179 1997 388 2092; x_wconf 85' lang='lat' dir='ltr'>profitentur</span> <span class='ocrx_word' id='word_1_102' title='bbox 420 1997 478 2090; x_wconf 91' lang='lat' dir='ltr'>pie</span> <span class='ocrx_word' id='word_1_103' title='bbox 512 1997 630 2068; x_wconf 90' lang='lat' dir='ltr'>colere</span> <span class='ocrx_word' id='word_1_104' title='bbox 662 1995 806 2088; x_wconf 81' lang='lat' dir='ltr'>debent,</span> <span class='ocrx_word' id='word_1_105' title='bbox 837 1997 986 2090; x_wconf 83' lang='lat' dir='ltr'>gravius</span> <span class='ocrx_word' id='word_1_106' title='bbox 1019 1997 1228 2088; x_wconf 81' lang='lat' dir='ltr'>insectatur,</span> <span class='ocrx_word' id='word_1_107' title='bbox 1262 2018 1343 2067; x_wconf 91' lang='lat' dir='ltr'>cum</span> <span class='ocrx_word' id='word_1_108' title='bbox 1375 2018 1455 2089; x_wconf 83' lang='lat' dir='ltr'>pag.</span> <span class='ocrx_word' id='word_1_109' title='bbox 1487 1997 1560 2066; x_wconf 87' lang='lat'>133</span> 
     </span>
     <span class='ocr_line' id='line_1_14' title="bbox 178 2135 1561 2236; baseline -0.003 -25"><span class='ocrx_word' id='word_1_110' title='bbox 178 2140 261 2212; x_wconf 90' lang='lat' dir='ltr'>libri</span> <span class='ocrx_word' id='word_1_111' title='bbox 290 2140 346 2212; x_wconf 91' lang='lat' dir='ltr'>sui</span> <span class='ocrx_word' id='word_1_112' title='bbox 375 2140 436 2233; x_wconf 87' lang='lat' dir='ltr'>qui</span> <span class='ocrx_word' id='word_1_113' title='bbox 459 2140 667 2212; x_wconf 76' lang='lat' dir='ltr'>inscribitur</span> <span class='ocrx_word' id='word_1_114' title='bbox 691 2138 974 2236; x_wconf 43' lang='lat' dir='ltr'>‘Agglutination</span> <span class='ocrx_word' id='word_1_115' title='bbox 1003 2137 1090 2210; x_wconf 93' lang='lat' dir='ltr'>oder</span> <span class='ocrx_word' id='word_1_116' title='bbox 1112 2136 1303 2231; x_wconf 90' lang='lat' dir='ltr'>Adaption.</span> <span class='ocrx_word' id='word_1_117' title='bbox 1326 2137 1424 2231; x_wconf 80' lang='lat' dir='ltr'>Prag·</span> <span class='ocrx_word' id='word_1_118' title='bbox 1451 2135 1561 2207; x_wconf 80' lang='lat'>1873&#39;</span> 
     </span>
     <span class='ocr_line' id='line_1_15' title="bbox 179 2277 1563 2376; baseline -0.003 -23"><span class='ocrx_word' id='word_1_119' title='bbox 179 2282 229 2354; x_wconf 91' lang='lat' dir='ltr'>ita</span> <span class='ocrx_word' id='word_1_120' title='bbox 261 2279 407 2353; x_wconf 86' lang='lat' dir='ltr'>iudicat:</span> <span class='ocrx_word' id='word_1_121' title='bbox 445 2283 624 2376; x_wconf 88' lang='lat' dir='ltr'>Boppiunr</span> <span class='ocrx_word' id='word_1_122' title='bbox 657 2305 678 2353; x_wconf 99' lang='lat' dir='ltr'>a</span> <span class='ocrx_word' id='word_1_123' title='bbox 710 2281 814 2354; x_wconf 84' lang='lat' dir='ltr'>falsis</span> <span class='ocrx_word' id='word_1_124' title='bbox 847 2281 1033 2376; x_wconf 84' lang='lat' dir='ltr'>principiis</span> <span class='ocrx_word' id='word_1_125' title='bbox 1066 2283 1264 2375; x_wconf 83' lang='lat' dir='ltr'>profectum</span> <span class='ocrx_word' id='word_1_126' title='bbox 1302 2279 1337 2350; x_wconf 94' lang='lat' dir='ltr'>in</span> <span class='ocrx_word' id='word_1_127' title='bbox 1371 2277 1563 2373; x_wconf 87' lang='lat' dir='ltr'>disciplina</span> 
     </span>
     <span class='ocr_line' id='line_1_16' title="bbox 180 2421 1562 2518; baseline -0.002 -24"><span class='ocrx_word' id='word_1_128' title='bbox 180 2421 430 2495; x_wconf 84' lang='lat' dir='ltr'>constituenda</span> <span class='ocrx_word' id='word_1_129' title='bbox 462 2444 532 2494; x_wconf 93' lang='lat' dir='ltr'>non</span> <span class='ocrx_word' id='word_1_130' title='bbox 567 2423 839 2518; x_wconf 84' lang='lat' dir='ltr'>circumspecte</span> <span class='ocrx_word' id='word_1_131' title='bbox 862 2429 970 2517; x_wconf 91' lang='lat' dir='ltr'>atque</span> <span class='ocrx_word' id='word_1_132' title='bbox 1008 2421 1231 2495; x_wconf 88' lang='lat' dir='ltr'>considerate</span> <span class='ocrx_word' id='word_1_133' title='bbox 1265 2444 1348 2493; x_wconf 87' lang='lat' dir='ltr'>esse</span> <span class='ocrx_word' id='word_1_134' title='bbox 1380 2427 1562 2493; x_wconf 88' lang='lat' dir='ltr'>versatum</span> 
     </span>
     <span class='ocr_line' id='line_1_17' title="bbox 180 2563 1650 2659; baseline -0.004 -21"><span class='ocrx_word' id='word_1_135' title='bbox 180 2573 364 2659; x_wconf 86' lang='lat' dir='ltr'>artemque</span> <span class='ocrx_word' id='word_1_136' title='bbox 402 2586 472 2636; x_wconf 93' lang='lat' dir='ltr'>non</span> <span class='ocrx_word' id='word_1_137' title='bbox 505 2572 578 2637; x_wconf 89' lang='lat' dir='ltr'>tam</span> <span class='ocrx_word' id='word_1_138' title='bbox 611 2565 832 2658; x_wconf 75' lang='lat' dir='ltr'>argumentis</span> <span class='ocrx_word' id='word_1_139' title='bbox 866 2565 1074 2656; x_wconf 80' lang='lat' dir='ltr'>stabilitam,</span> <span class='ocrx_word' id='word_1_140' title='bbox 1108 2587 1215 2657; x_wconf 89' lang='lat' dir='ltr'>quam</span> <span class='ocrx_word' id='word_1_141' title='bbox 1248 2563 1329 2635; x_wconf 91' lang='lat' dir='ltr'>usui</span> <span class='ocrx_word' id='word_1_142' title='bbox 1362 2569 1397 2634; x_wconf 86' lang='lat' dir='ltr'>et</span> <span class='ocrx_word' id='word_1_143' title='bbox 1430 2583 1495 2633; x_wconf 92' lang='lat' dir='ltr'>suo</span> <span class='ocrx_word' id='word_1_144' title='bbox 1529 2569 1564 2633; x_wconf 86' lang='lat' dir='ltr'>et</span> <span class='ocrx_word' id='word_1_145' title='bbox 1647 2569 1650 2573; x_wconf 81' lang='grc'><strong>’</strong></span> 
     </span>
     <span class='ocr_line' id='line_1_18' title="bbox 179 2703 1562 2802; baseline -0.004 -22"><span class='ocrx_word' id='word_1_146' title='bbox 179 2708 375 2802; x_wconf 79' lang='lat' dir='ltr'>legentium</span> <span class='ocrx_word' id='word_1_147' title='bbox 408 2705 713 2784; x_wconf 87' lang='lat' dir='ltr'>accommodatam</span> <span class='ocrx_word' id='word_1_148' title='bbox 743 2706 999 2800; x_wconf 85' lang='lat' dir='ltr'>composuisse.</span> <span class='ocrx_word' id='word_1_149' title='bbox 1055 2706 1125 2794; x_wconf 70' lang='lat' dir='ltr'>Qui</span> <span class='ocrx_word' id='word_1_150' title='bbox 1159 2706 1212 2776; x_wconf 92' lang='lat' dir='ltr'>sic</span> <span class='ocrx_word' id='word_1_151' title='bbox 1244 2703 1403 2776; x_wconf 91' lang='lat' dir='ltr'>iudicare</span> <span class='ocrx_word' id='word_1_152' title='bbox 1436 2711 1562 2798; x_wconf 74' lang='lat' dir='ltr'>potest</span> 
     </span>
     <span class='ocr_line' id='line_1_19' title="bbox 179 2843 1562 2941; baseline -0.004 -20"><span class='ocrx_word' id='word_1_153' title='bbox 179 2850 211 2921; x_wconf 91' lang='lat' dir='ltr'>is</span> <span class='ocrx_word' id='word_1_154' title='bbox 241 2850 382 2921; x_wconf 90' lang='lat' dir='ltr'>etiamsi</span> <span class='ocrx_word' id='word_1_155' title='bbox 411 2871 535 2920; x_wconf 89' lang='lat' dir='ltr'>verum</span> <span class='ocrx_word' id='word_1_156' title='bbox 564 2871 604 2919; x_wconf 86' lang='lat' dir='ltr'>se</span> <span class='ocrx_word' id='word_1_157' title='bbox 632 2849 816 2919; x_wconf 82' lang='lat' dir='ltr'>invenisse</span> <span class='ocrx_word' id='word_1_158' title='bbox 843 2849 1016 2941; x_wconf 81' lang='lat' dir='ltr'>gloriatur</span> <span class='ocrx_word' id='word_1_159' title='bbox 1044 2869 1184 2918; x_wconf 83' lang='lat' dir='ltr'>ornnem</span> <span class='ocrx_word' id='word_1_160' title='bbox 1217 2843 1360 2918; x_wconf 90' lang='lat' dir='ltr'>modum</span> <span class='ocrx_word' id='word_1_161' title='bbox 1391 2844 1562 2918; x_wconf 86' lang='lat' dir='ltr'>excedere</span> 
     </span>
     <span class='ocr_line' id='line_1_20' title="bbox 179 2981 1563 3085; baseline -0.002 -23"><span class='ocrx_word' id='word_1_162' title='bbox 179 2981 354 3063; x_wconf 89' lang='lat' dir='ltr'>dicendus</span> <span class='ocrx_word' id='word_1_163' title='bbox 389 3000 452 3064; x_wconf 88' lang='lat' dir='ltr'>cst.</span> <span class='ocrx_word' id='word_1_164' title='bbox 507 2991 620 3063; x_wconf 74' lang='lat' dir='ltr'>ltecte</span> <span class='ocrx_word' id='word_1_165' title='bbox 652 2988 798 3085; x_wconf 90' lang='lat' dir='ltr'>quidem</span> <span class='ocrx_word' id='word_1_166' title='bbox 831 3013 914 3063; x_wconf 88' lang='lat' dir='ltr'>sese</span> <span class='ocrx_word' id='word_1_167' title='bbox 943 2990 1050 3062; x_wconf 89' lang='lat' dir='ltr'>habet</span> <span class='ocrx_word' id='word_1_168' title='bbox 1070 2988 1176 3082; x_wconf 81' lang='lat' dir='ltr'>illud,</span> <span class='ocrx_word' id='word_1_169' title='bbox 1209 2997 1247 3062; x_wconf 92' lang='lat' dir='ltr'>ut</span> <span class='ocrx_word' id='word_1_170' title='bbox 1276 3011 1415 3061; x_wconf 90' lang='lat' dir='ltr'>errores</span> <span class='ocrx_word' id='word_1_171' title='bbox 1445 2987 1563 3084; x_wconf 89' lang='lat' dir='ltr'>depel-</span> 
     </span>
     <span class='ocr_line' id='line_1_21' title="bbox 179 3131 1564 3229; baseline -0.003 -24"><span class='ocrx_word' id='word_1_172' title='bbox 179 3135 298 3206; x_wconf 90' lang='lat' dir='ltr'>lantur</span> <span class='ocrx_word' id='word_1_173' title='bbox 329 3135 463 3229; x_wconf 81' lang='lat' dir='ltr'>luxque</span> <span class='ocrx_word' id='word_1_174' title='bbox 495 3134 624 3206; x_wconf 85' lang='lat' dir='ltr'>litteris</span> <span class='ocrx_word' id='word_1_175' title='bbox 653 3136 835 3226; x_wconf 81' lang='lat' dir='ltr'>afferatur,</span> <span class='ocrx_word' id='word_1_176' title='bbox 870 3157 974 3207; x_wconf 91' lang='lat' dir='ltr'>suum</span> <span class='ocrx_word' id='word_1_177' title='bbox 1009 3131 1298 3227; x_wconf 86' lang='lat' dir='ltr'>unumquemque</span> <span class='ocrx_word' id='word_1_178' title='bbox 1331 3138 1495 3226; x_wconf 91' lang='lat' dir='ltr'>oportere</span> <span class='ocrx_word' id='word_1_179' title='bbox 1527 3132 1564 3202; x_wconf 94' lang='lat' dir='ltr'>in</span> 
     </span>
    </p>

    <p class='ocr_par' dir='ltr' id='par_1_3' title="bbox 99 3272 1565 3509">
     <span class='ocr_line' id='line_1_22' title="bbox 180 3272 1565 3370; baseline -0.004 -23"><span class='ocrx_word' id='word_1_180' title='bbox 180 3274 337 3347; x_wconf 90' lang='lat' dir='ltr'>medium</span> <span class='ocrx_word' id='word_1_181' title='bbox 374 3279 547 3370; x_wconf 80' lang='lat' dir='ltr'>proferro,</span> <span class='ocrx_word' id='word_1_182' title='bbox 586 3275 651 3348; x_wconf 87' lang='lat' dir='ltr'>sed</span> <span class='ocrx_word' id='word_1_183' title='bbox 687 3275 725 3348; x_wconf 92' lang='lat' dir='ltr'>id</span> <span class='ocrx_word' id='word_1_184' title='bbox 762 3284 801 3349; x_wconf 90' lang='lat' dir='ltr'>ut</span> <span class='ocrx_word' id='word_1_185' title='bbox 831 3278 894 3349; x_wconf 88' lang='lat' dir='ltr'>fiat</span> <span class='ocrx_word' id='word_1_186' title='bbox 927 3299 969 3349; x_wconf 91' lang='lat' dir='ltr'>ea</span> <span class='ocrx_word' id='word_1_187' title='bbox 1001 3300 1073 3370; x_wconf 90' lang='lat' dir='ltr'>qua</span> <span class='ocrx_word' id='word_1_188' title='bbox 1107 3274 1287 3346; x_wconf 86' lang='lat' dir='ltr'>hominem</span> <span class='ocrx_word' id='word_1_189' title='bbox 1318 3272 1447 3343; x_wconf 84' lang='lat' dir='ltr'>litteris</span> <span class='ocrx_word' id='word_1_190' title='bbox 1480 3294 1565 3342; x_wconf 91' lang='lat' dir='ltr'>vere</span> 
     </span>
     <span class='ocr_line' id='line_1_23' title="bbox 99 3378 1129 3509; baseline -0.004 -20"><span class='ocrx_word' id='word_1_191' title='bbox 99 3378 112 3396; x_wconf 59' lang='lat'><strong><em>„</em></strong></span> <span class='ocrx_word' id='word_1_192' title='bbox 181 3415 358 3489; x_wconf 89' lang='lat' dir='ltr'>eruditum</span> <span class='ocrx_word' id='word_1_193' title='bbox 386 3398 500 3488; x_wconf 79' lang='lat' dir='ltr'>decet¹</span> <span class='ocrx_word' id='word_1_194' title='bbox 516 3416 666 3508; x_wconf 77' lang='lat' dir='ltr'>ratione,</span> <span class='ocrx_word' id='word_1_195' title='bbox 694 3417 772 3487; x_wconf 90' lang='lat' dir='ltr'>iure</span> <span class='ocrx_word' id='word_1_196' title='bbox 799 3415 975 3509; x_wconf 87' lang='lat' dir='ltr'>postulari</span> <span class='ocrx_word' id='word_1_197' title='bbox 1002 3422 1129 3508; x_wconf 87' lang='lat' dir='ltr'>potest.</span> 
     </span>
    </p>
   </div>
   <div class='ocr_carea' id='block_1_3' title="bbox 288 3608 1244 3761">
    <p class='ocr_par' dir='ltr' id='par_1_4' title="bbox 288 3608 1244 3761">
     <span class='ocr_line' id='line_1_24' title="bbox 288 3608 1244 3761; baseline -0.008 -24"><span class='ocrx_word' id='word_1_198' title='bbox 288 3658 425 3761; x_wconf 79' lang='lat' dir='ltr'>Scripsi</span> <span class='ocrx_word' id='word_1_199' title='bbox 452 3663 596 3737; x_wconf 87' lang='lat' dir='ltr'>Iseuaci</span> <span class='ocrx_word' id='word_1_200' title='bbox 626 3663 701 3738; x_wconf 83' lang='lat' dir='ltr'>Cal.</span> <span class='ocrx_word' id='word_1_201' title='bbox 729 3664 815 3736; x_wconf 85' lang='lat' dir='ltr'>Dec.</span> <span class='ocrx_word' id='word_1_202' title='bbox 843 3660 886 3734; x_wconf 82' lang='lat' dir='ltr'>A.</span> <span class='ocrx_word' id='word_1_203' title='bbox 914 3608 1244 3734; x_wconf 81' lang='lat' dir='ltr'>MDCOCLXXll.</span> 
     </span>
    </p>
   </div>
   <div class='ocr_carea' id='block_1_4' title="bbox 0 0 1806 5454">
    <p class='ocr_par' dir='ltr' id='par_1_5' title="bbox 0 0 1806 5454">
     <span class='ocr_line' id='line_1_25' title="bbox 0 0 1806 5454; baseline 0 0"><span class='ocrx_word' id='word_1_204' title='bbox 0 0 1806 5454; x_wconf 95' lang='lat' dir='ltr'> </span> 
     </span>
    </p>
   </div>
  </div>
 </body>
</html>
