3600 5454
680 1563 681 1566 Ν
793 1457 1060 1557 index.-

208 1887 306 1939 Acous.
332 1901 354 1937 c.
379 1881 427 1936 inf.
451 1883 479 1936 in
502 1883 627 1952 Rigveda
651 1889 678 1937 et
697 1883 871 1937 Zendavesta

243 1990 296 2027 non
316 1977 419 2028 extant.
440 1991 465 2041 p.
486 1974 520 2028 64
540 1989 598 2041 sqq.

207 2081 264 2118 acc.
284 2081 307 2116 c.
326 2062 375 2116 inf.
399 2062 427 2115 in
451 2062 546 2130 lingua
568 2077 670 2115 sanscr.
695 2066 795 2128 poster.
816 2066 870 2114 aet.

242 2152 366 2206 nonnulli
384 2150 561 2219 reperiuntur
579 2169 604 2220 p.
625 2152 667 2215 65,
687 2153 728 2205 66.

208 2243 330 2295 amarior
349 2257 400 2309 quo
420 2240 499 2294 modo
518 2239 555 2292 sit
573 2245 669 2292 ortum.
690 2257 715 2307 p.
737 2241 777 2294 13.

207 2330 339 2385 articulus
360 2335 387 2383 et
406 2344 531 2397 praepos.
551 2326 686 2380 infinitivo
705 2328 767 2381 add.
787 2345 813 2396 p.
829 2331 871 2382 88.

208 2416 381 2472 attractionis
410 2433 494 2484 genus
518 2415 546 2468 in
570 2416 694 2482 Rigveda
718 2422 746 2469 et
769 2419 873 2470 Avesta

244 2526 269 2576 p.
289 2508 332 2571 95,
351 2508 393 2560 96.
435 2541 445 2570 ,-

209 2595 316 2648 datirus
336 2592 404 2647 coni.
420 2610 481 2669 oum
496 2592 586 2646 verbis
602 2593 694 2646 eraudi.
715 2611 741 2661 p.
757 2594 870 2648 25-28.

244 2702 269 2752 p.
290 2669 401 2738 0-03.

208 2772 263 2825 dat.
284 2770 352 2825 coni.
373 2789 434 2825 oum
454 2772 545 2826 verbis
562 2772 695 2825 monendi.
717 2790 742 2840 p.
758 2774 870 2827 28-33.

243 2862 271 2914 in
294 2862 420 2929 Rigveda
448 2879 509 2916 curn
538 2863 629 2915 verbis
657 2861 785 2913 enecandi
808 2876 872 2928 pars

243 2949 291 3002 inf.
311 2950 338 3003 in
358 2956 416 3002 tum
435 2956 463 3003 et
482 2968 528 3003 am
547 2956 589 3003 est
608 2951 702 3003 iuncta
720 2966 752 3017 p.
767 2951 809 3013 63,
829 2950 870 3003 ol.

209 3037 263 3089 dat.
288 3039 372 3090 subst.
397 3038 425 3091 in
450 3054 482 3090 as
504 3037 550 3091 fin.
575 3038 603 3090 in
629 3054 675 3090 ase
694 3037 738 3090 vel
758 3037 804 3089 oisc
822 3054 871 3104 pro

245 3123 292 3177 inf.
313 3142 338 3192 p.
359 3127 400 3178 10.

207 3213 262 3266 dat.
287 3213 372 3266 subst.
396 3214 424 3266 in
448 3215 495 3281 -n',
520 3215 621 3282 ·i,'·a,
646 3212 676 3264 -ἁ
700 3229 749 3280 pro
773 3212 820 3266 inf.
845 3231 870 3282 p.

244 3302 356 3354 17-20.

207 3390 261 3443 dat.
283 3389 394 3443 vcdicus
414 3390 523 3444 6600100
541 3408 567 3459 p.
589 3392 630 3445 17.

206 3495 261 3532 esse
282 3480 317 3533 ad
336 3479 385 3532 101.
405 3480 523 3534 additur.
548 3498 573 3549 p.
594 3482 635 3534 39.
675 3497 736 3533 cum
755 3481 870 3535 dativo

241 3569 367 3636 gerundii
387 3576 414 3622 et
433 3570 577 3637 gerundivi
597 3570 666 3623 coni.
686 3571 712 3638 p.
732 3572 775 3624 38.

207 3656 299 3719 facere
322 3657 350 3709 in
374 3657 468 3726 lingua
491 3656 581 3727 graec.
607 3665 634 3712 et
658 3659 705 3712 lat.
736 3677 796 3714 curn
821 3661 869 3714 101.

244 3744 311 3796 coni.
332 3762 357 3813 p.
377 3748 418 3799 35.

140 3865 143 3871 -
197 3883 198 3887 ,
244 3829 271 3882 10
295 3831 388 3901 lingua
411 3835 502 3902 gotica
526 3853 586 3889 oum
613 3852 669 3890 acc.
690 3854 711 3890 o.
732 3837 779 3891 101.
801 3839 869 3892 0001.

164 3946 166 3951 ·
242 3934 268 3985 p.
289 3920 332 3973 36.

207 4005 254 4058 inf.
292 4008 424 4075 ablativi,
463 4012 560 4078 dativi,
598 4015 720 4085 genetivi
756 4014 869 4068 formam

242 4095 334 4149 habet.
373 4116 398 4166 p.
419 4101 496 4154 8-9.
631 4153 635 4161 p
816 4104 817 4108 ’

206 4183 253 4236 101.
292 4185 484 4242 accusativi
521 4190 610 4244 locum
649 4196 732 4244 tenet.
780 4207 806 4259 p.
827 4194 869 4256 61,

242 4276 355 4329 66-80.

205 4362 252 4415 inf.
273 4365 425 4432 genetivi
444 4367 533 4420 locum
552 4374 629 4422 tenet
648 4387 673 4438 p.
693 4371 806 4431 867-88.

205 4450 252 4504 101.
273 4454 474 4509 nominativi
494 4456 582 4510 locum
601 4464 677 4512 tenet
696 4477 721 4528 p.
742 4461 784 4513 80.

205 4542 253 4594 101.
274 4543 364 4597 vedici
383 4545 511 4600 obiecti
531 4547 619 4601 locum
639 4553 733 4602 tenent
752 4567 777 4617 p.
798 4550 840 4604 64.

205 4631 253 4685 101.
282 4649 396 4700 sanson,
429 4636 529 4701 bactr.‚
563 4647 635 4705 pers'.
663 4655 726 4691 curn.
752 4639 868 4692 obiectis

242 4723 310 4776 coni.
330 4741 355 4792 p.
375 4719 488 4779 36-38.
509 4742 535 4793 p.
555 4727 667 4780 92-95.

926 1882 973 1936 inf.
995 1882 1029 1936 e'x
1048 1880 1234 1934 adiectivis
1254 1887 1342 1949 aptus.
1362 1898 1388 1948 p.
1408 1881 1523 1935 83--85.

926 1971 974 2026 inf.
1008 1988 1068 2025 curn
1097 1970 1237 2024 radicibus
1267 1986 1299 2022 as
1328 1975 1355 2022 et
1383 1968 1437 2022 6101
1451 1968 1534 2022 teoni.
1564 1986 1589 2037 p.

961 2060 1075 2114 33-34.

880 2207 883 2213 .
926 2148 974 2202 inf.
994 2148 1127 2203 finales.
1148 2165 1174 2215 p.
1194 2147 1307 2202 39-50.

927 2239 974 2290 101.
998 2237 1073 2290 final.
1098 2253 1158 2290 cum
1183 2235 1282 2288 adiect.
1308 2240 1335 2288 et
1359 2234 1443 2287 subst.
1469 2234 1539 2287 coni.
1565 2252 1591 2303 p,

962 2326 1075 2380 50-53.

926 2414 975 2467 inf.
997 2414 1192 2468 historicus.
1213 2431 1239 2482 p:
1259 2415 1372 2467 89-90.

926 2503 974 2556 inf.
1004 2519 1053 2571 pro
1081 2503 1285 2571 imperativo
1314 2518 1406 2570 usurp.
1431 2519 1456 2569 p.
1476 2503 1590 2555 90-92.

926 2591 973 2645 inf.
994 2591 1104 2645 latini.
1125 2610 1150 2661 p.
1172 2593 1213 2656 12,
1235 2593 1276 2645 13.

926 2680 973 2734 inf.
1011 2681 1058 2748 qui
1090 2680 1235 2734 locativi
1268 2678 1383 2733 formam
1416 2680 1526 2733 habent.
1564 2697 1590 2748 p.

963 2771 1004 2836 16,
1024 2766 1067 2824 35.
1087 2788 1112 2839 p.
1133 2771 1246 2824 58-61.

925 2857 973 2911 inf.
1003 2859 1145 2912 locativi
1173 2859 1217 2913 vel
1241 2857 1350 2912 dativi
1374 2858 1462 2910 locum
1486 2863 1590 2911 tenent.
1694 2886 1698 2892 .

961 2949 1121 3017 psa-83.

926 3036 973 3090 inf.
1011 3037 1113 3104 persici
1150 3052 1242 3089 omnes
1279 3051 1351 3090 0010,
1378 3051 1466 3088 accns.
1505 3036 1589 3089 subst.

946 3126 1057 3178 iuncti.
1077 3143 1102 3194 p.
1123 3126 1165 3180 94.

926 3213 973 3266 101.
1004 3230 1064 3266 000
1093 3213 1199 3281 supinis
1223 3211 1251 3265 in
1275 3217 1305 3264 tu
1330 3211 1387 3264 sive
1410 3227 1444 3264 su
1469 3210 1537 3264 coni.
1563 3229 1588 3280 p.

954 3304 1075 3360 ,os-55.

925 3392 973 3446 101.
993 3392 1091 3447 suffixo
1111 3391 1188 3445 form.
1210 3407 1256 3443 00.
1277 3407 1302 3457 p.
1324 3391 1365 3442 15.
1399 3426 1401 3430 ψ

924 3480 971 3534 inf.
993 3481 1078 3535 bactr.
1099 3481 1175 3534 form.
1196 3479 1255 3532 suff.
1277 3479 1340 3531 alala.
1361 3495 1387 3546 p.
1408 3480 1449 3531 11.

924 3569 971 3623 101.
1001 3586 1102 3623 sanscr.
1127 3569 1204 3622 form.
1229 3569 1289 3621 suff.
1315 3568 1402 3634 onyas?
1424 3573 1451 3620 et
1475 3567 1589 3636 odtyai.

960 3677 985 3728 p.
1006 3661 1048 3712 21.
1343 3657 1346 3663 ’

924 3747 972 3800 101.
993 3747 1078 3801 bactr.
1098 3746 1175 3800 form.
1195 3747 1256 3800 suff.
1276 3746 1368 3814 dhycii.
1389 3763 1414 3814 p.
1434 3748 1476 3799 22.
1536 3781 1540 3788 -

922 3837 972 3889 inl.
992 3837 1085 3904 graeci
1104 3836 1182 3890 form.
1202 3836 1262 3889 suff.
1281 3832 1389 3902 μέναι.
1410 3852 1436 3903 p.
1457 3836 1498 3888 14.

924 3925 971 3978 101.
989 3925 1085 3993 graeci
1104 3925 1181 3979 form.
1201 3925 1261 3978 suff.
1280 3942 1349 3991 μεν.
1370 3942 1395 3992 p.
1418 3926 1457 3979 15.

924 4013 972 4067 inf.
992 4023 1093 4067 sanscr.
1113 4014 1190 4068 1000.
1211 4014 1271 4067 suff.
1291 4015 1362 4067 sorti.
1384 4031 1409 4081 p.
1429 4015 1471 4067 24.

924 4101 971 4155 101,
992 4102 1085 4169 graeci
1104 4101 1180 4155 form.
1196 4103 1255 4156 suff.
1276 4105 1367 4155 σθαι.
1388 4121 1413 4171 p.
1434 4106 1475 4157 22.

923 4190 978 4265 101.Ι
997 4190 1088 4243 Oscor.
1114 4199 1142 4244 et
1166 4191 1258 4245 Umbr.
1286 4192 1362 4245 form.
1388 4193 1447 4245 suff.
1472 4209 1536 4244 -unt
1560 4199 1598 4246 et>

959 4299 1023 4335 -ora,
1043 4299 1069 4350 p.
1089 4283 1113 4335 8.

922 4371 970 4425 101.
991 4388 1061 4440 pers.
1082 4371 1158 4424 1000.
1179 4370 1238 4423 suff.
1259 4372 1412 4439 1000100.
1434 4373 1475 4426 16.

923 4460 971 4514 inf.
992 4477 1093 4514 sanscr.
1113 4461 1190 4513 form.
1211 4461 1270 4513 suff.
1292 4465 1360 4512 tave.
1381 4479 1406 4528 p.
1427 4463 1452 4515 5.

924 4551 971 4605 101.
991 4567 1092 4604 sanscr.
1113 4551 1189 4604 form.
1210 4551 1269 4602 suff.
1290 4550 1376 4602 taoni.
1396 4569 1421 4619 p.
1442 4553 1465 4606 6.

923 4641 970 4692 101.
991 4656 1093 4693 sanscr.
1114 4639 1190 4691 form.
1212 4639 1339 4691 0011100.
1360 4657 1385 4707 p.
1399 4644 1429 4704 6,
1450 4643 1473 4695 7.

923 4728 1052 4786 infinitivi
1070 4728 1110 4780 vis
1125 4735 1225 4796 poster.
1241 4734 1294 4786 ast.
1311 4735 1417 4782 mutata
1432 4736 1526 4799 estsp.
1543 4733 1584 4785 88.
