3600 5454
882 274 1094 374 A.-

295 465 393 531 alium
420 469 525 533 locum
548 467 611 554 (te)
635 468 681 532 ire
706 469 781 551 quid
804 469 883 533 mihi
907 470 1004 534 dicis?
1043 469 1244 551 Quantopere
1266 473 1373 533 autem
1395 470 1455 532 viri
1479 468 1567 533 docti
1591 470 1624 532 in
1648 492 1686 534 ea

295 579 455 639 structura
477 575 677 656 explananda
695 575 886 651 sudaverint,
910 583 987 659 quot
1006 583 1038 639 et
1057 597 1152 658 quam
1170 577 1273 640 varias
1292 575 1482 658 protulerint
1501 577 1686 653 sententias,

295 681 480 763 singillatim
499 703 646 745 enarrare
665 704 736 748 cum
755 681 881 765 longum
900 684 950 759 sit,
973 683 1124 747 lectorem
1142 683 1183 746 ad
1203 682 1368 746 Albrechti
1388 683 1686 747 commentationem

295 809 391 870 supra
423 789 586 852 laudatam
618 789 722 852 reicio.
768 788 848 852 Mihi
881 790 1009 872 quidem
1040 789 1115 853 huic
1147 787 1352 853 difficillimae
1379 789 1426 853 rei
1454 789 1578 872 ahquid
1605 789 1687 852 lueis

289 893 408 976 ¹afferre
426 896 552 960 videtur
571 895 672 959 altera
690 895 746 958 illa
764 900 924 959 structura
942 897 1113 960 accusativi
1132 918 1202 960 oum
1221 896 1389 978 participio
1408 897 1577 972 coniuncti,
1602 915 1686 978 quae

295 1003 370 1084 quia
389 1002 533 1066 omnibus
552 1003 677 1066 ariacae
696 1002 804 1084 stirpis
823 1002 939 1083 linguis
958 1004 1130 1066 communis
1150 1008 1207 1078 est,
1225 1002 1447 1084 antiquissima
1465 1001 1615 1065 habenda
1628 1008 1686 1065 est.

294 1107 376 1171 Nam
399 1109 484 1191 quod
501 1130 573 1172 mea
592 1109 719 1191 quidem
738 1110 894 1173 sententia
912 1130 949 1172 eo
969 1110 1094 1173 demum
1112 1115 1253 1191 tempore
1271 1110 1469 1173 accusativus
1488 1131 1559 1173 curn
1578 1106 1686 1171 infini-

199 1289 201 1293 ,
295 1217 360 1279 tivo
384 1217 518 1278 existere
542 1215 657 1297 potuit,
680 1237 742 1298 quo
766 1213 939 1279 infinitivus
963 1214 1149 1281 oblitterata
1171 1215 1290 1279 formae
1313 1215 1447 1279 casualis
1469 1217 1499 1278 vi
1522 1215 1586 1278 iam
1603 1214 1688 1278 nihil

294 1322 382 1385 aliud
405 1321 466 1384 nisi
490 1323 651 1385 notionem
674 1322 762 1385 verbi
781 1344 838 1403 per
856 1344 889 1386 se
907 1323 1009 1404 ipsam
1027 1328 1200 1404 spectatam
1219 1306 1426 1405 significabat,
1449 1320 1624 1386 infinitivus
1644 1319 1685 1384 ob

295 1449 365 1491 eam
382 1449 509 1491 oausam
527 1431 662 1492 maxime
680 1428 813 1493 idoneus
832 1434 909 1504 erat,
928 1431 984 1512 qui
1001 1429 1158 1512 participii
1179 1429 1247 1493 loeo
1265 1436 1445 1511 poneretur,
1464 1429 1549 1510 quod
1564 1427 1685 1491 factum

294 1555 361 1599 esse
385 1535 418 1597 in
441 1535 608 1599 vernaculo
633 1557 775 1599 sermone
798 1535 948 1599 videmus.
986 1535 1063 1612 Quis
1086 1542 1135 1599 est
1158 1537 1242 1599 enim
1264 1540 1407 1599 nostrum
1427 1535 1481 1618 qui
1500 1535 1600 1598 dicat:
1623 1533 1685 1619 ,ich

294 1641 372 1705 hdre
396 1641 457 1704 den
476 1641 575 1724 Vogel
599 1641 749 1724 singend’,
773 1663 962 1725 quamquam
979 1643 1115 1707 maiores
1133 1642 1234 1706 nostri
1252 1643 1299 1705 ita
1316 1642 1415 1705 locuti
1434 1641 1525 1704 sunt?
1563 1640 1616 1704 Sic
1634 1640 1686 1703 via

295 1745 487 1811 infinitivum
520 1747 590 1811 aliis
617 1749 722 1812 verbis
750 1749 888 1813 addendi
915 1750 1047 1832 patebat
1074 1751 1266 1832 remotisque
1294 1747 1531 1829 angustioribus
1557 1745 1686 1822 finibus,

294 1853 409 1935 quibus
429 1855 579 1918 nascendi
599 1855 689 1919 initio
708 1855 787 1919 haec
805 1861 966 1919 structura
985 1856 1215 1932 continebatur,
1238 1857 1280 1919 ad
1295 1862 1420 1919 'tantam
1439 1854 1501 1917 vim
1518 1854 1686 1936 pervenire

293 1966 432 2042 poterat,
460 1966 611 2043 quantam
639 1983 707 2024 eam
736 1962 768 2025 iu
793 1961 986 2027 Graecorum
1009 1964 1283 2045 Romanorumque
1312 1962 1420 2043 lingua
1443 1961 1592 2043 adeptam
1617 1981 1686 2025 esse
1764 2025 1768 2034 ,

294 2070 416 2131 scimus
455 2066 517 2131 Sed
541 2074 712 2150 utcumque
735 2090 785 2132 res
809 2090 876 2133 sese
899 2069 1006 2146 habet,
1029 2072 1055 2133 si
1080 2069 1154 2155 ea*)
1179 2068 1422 2144 consideramus,
1446 2089 1526 2150 quae
1549 2066 1685 2149 legimus

294 2173 550 2250 Mssh.1‚5962:
579 2180 646 2251 tarn
674 2175 820 2239 viditva
844 2178 1066 2257 oiragatam‚
1093 2182 1261 2259 postquam
1285 2175 1510 2239 animadvertit
1533 2195 1604 2237 eam
1629 2174 1685 2238 diu

293 2281 395 2356 ivisse,
413 2280 443 2343 h.
463 2302 487 2344 e.
507 2282 562 2343 diu
581 2281 699 2358 abesse,
719 2286 751 2345 et
769 2282 900 2346 Kathas.
920 2283 972 2358 64,
986 2283 1043 2345 49:
1062 2305 1104 2345 na
1122 2283 1256 2346 viveda
1274 2286 1399 2364 gatam
1419 2281 1532 2362 nicam,
1551 2281 1685 2344 nescivit

294 2393 417 2451 noctem
440 2386 556 2462 abisse,
580 2388 614 2450 id
638 2388 749 2451 saltem
771 2410 829 2470 pro
854 2395 940 2454 certo
963 2388 1186 2453 affirmaverim
1208 2390 1422 2452 accusativum
1446 2386 1602 2451 infinitivo
1627 2387 1684 2450 ad·

293 2493 433 2557 iunctum
461 2493 587 2576 proprie
615 2516 654 2557 ex
676 2494 771 2558 verbo
795 2496 1020 2560 enuntiationis
1043 2496 1226 2578 primariae,
1254 2501 1406 2577 quaeest
1430 2494 1532 2558 Curtii
1556 2500 1683 2558 senten-

293 2599 404 2685 tia‚**)
423 2600 560 2682 pendere
580 2600 695 2664 obiecti
715 2601 791 2665 loce.

381 2707 437 2771 Eis
465 2729 546 2790 quae
574 2729 671 2792 usque
699 2708 740 2770 ad
765 2708 850 2772 hunc
872 2708 975 2772 locum
998 2708 1226 2791 disputavimus
1250 2731 1321 2773 eum
1344 2707 1572 2772 infinitivorum
1594 2708 1684 2771 vedi-

293 2837 400 2879 oorum
423 2822 455 2879 et
477 2815 690 2879 bactricorum
713 2836 804 2879 usum
828 2837 898 2880 oum
922 2817 1059 2898 genuina
1082 2837 1191 2880 eorum
1214 2815 1315 2879 forma
1333 2816 1510 2880 consentire
1529 2815 1609 2878 satis
1629 2815 1684 2878 de·

293 2924 513 2987 monstravisse
532 2923 610 2986 mihi
628 2922 746 2997 videar,
769 2944 832 2985 non
851 2922 989 2985 alienum
1008 2928 1056 2986 est
1075 2924 1211 2985 transire
1230 2923 1272 2985 ad
1291 2944 1343 2986 eos
1362 2919 1534 2984 infinitivos
1553 2920 1683 3002 linguae

292 3031 464 3093 sanscritae
487 3031 671 3112 posterioris
694 3029 776 3104 aevi,
805 3050 949 3111 graecae,
973 3030 1106 3104 latinae,
1130 3030 1273 3110 geticae,
1290 3030 1344 3110 qui
1367 3035 1440 3111 post
1462 3027 1551 3091 varia
1573 3028 1683 3102 verba,

292 3136 457 3212 adieetiva,
475 3136 673 3200 substantiva
691 3137 738 3199 ita
756 3139 926 3218 ponuntur,
944 3141 990 3212 ut,
1010 3137 1036 3200 si
1055 3136 1172 3200 solam
1191 3135 1474 3217 grammaticam
1492 3133 1683 3197 rationem

292 3248 484 3323 spectamus,
516 3264 579 3306 non
606 3244 700 3307 modo
729 3244 831 3307 locum
860 3250 915 3305 aut
943 3243 1155 3307 accusativi
1184 3249 1239 3305 aut
1266 3241 1505 3316 nominativi,
1533 3241 1566 3303 id
1594 3240 1681 3322 quod

291 3349 476 3431 plerumque
495 3347 540 3425 fit,
560 3348 734 3424 obtineant,
753 3350 923 3413 sedetiam
942 3352 1025 3413 vices
1045 3356 1101 3412 aut
1120 3350 1242 3412 dativi
1261 3349 1310 3413 vol
1325 3348 1483 3412 locativi
1497 3353 1554 3410 aut
1568 3367 1681 3429 gene-

291 3457 361 3518 tivi
380 3455 430 3520 vel
448 3454 610 3519 ablativi
630 3458 787 3536 suscipere
806 3434 998 3520 videantur.⁸
1014 3457 1061 3520 Ac
1078 3458 1215 3538 primum
1234 3455 1362 3540 quidem
1381 3476 1434 3519 eos
1454 3473 1681 3529 enumeremus

291 3563 346 3643 qui
364 3585 404 3626 ex
421 3562 525 3627 verbis
540 3583 621 3644 quae
635 3563 848 3625 accusativum
863 3562 978 3626 obiecti
994 3563 1168 3625 admittunt
1182 3563 1331 3643 pendent,
1350 3563 1392 3625 ad
1407 3583 1501 3643 quem
1514 3581 1680 3624 numerum

291 3675 365 3732 ante
393 3671 499 3733 omnia
526 3669 624 3732 verba
651 3668 818 3731 auxiliaria
845 3667 1013 3732 referenda
1040 3675 1128 3744 sunt,
1156 3689 1237 3749 quae
1264 3666 1436 3753 ‘infinitivis
1464 3668 1593 3731 adscitis
1622 3687 1680 3730 sua

291 3775 381 3858 quasi
404 3777 559 3855 quaedam
583 3776 812 3857 complementa
835 3775 999 3839 inveniunt
1022 3781 1118 3858 atque
1138 3781 1204 3839 tam
1223 3773 1355 3838 firmiter
1375 3777 1419 3838 eis
1438 3774 1680 3849 adhaerescunt,

291 3886 327 3945 ut
345 3902 441 3944 unam
459 3883 522 3944 iam
541 3903 611 3945 cum
629 3883 674 3944 eis
693 3883 854 3945 notionem
872 3880 1033 3946 efficiant':
1044 3880 1114 3968 *Ἣ
1174 3938 1176 3941 ,

380 3988 492 4064 velle,
519 3988 646 4064 malle,
673 3988 783 4052 nolle.
825 3988 979 4071 Exempla
998 3988 1238 4073 sanserita†):
1266 3988 1372 4064 tlish:
1400 3985 1679 4062 ΜΒ11.11,1430;

291 4094 443 4174 krishqah
466 4116 538 4177 yam
562 4096 716 4158 adatum
740 4094 883 4158 icchati
905 4100 996 4177 tasya
1019 4095 1212 4176 samplavate
1235 4095 1389 4173 buddhih,
1413 4115 1505 4177 quem
1523 4092 1680 4172 Krishnas

290 4202 422 4284 perdere
454 4203 535 4278 vult,
569 4204 634 4266 eius
667 4224 754 4265 mens
782 4200 923 4265 fluctuat.
969 4202 1076 4283 Hitop.
1098 4201 1149 4276 ⁶25,
1170 4201 1224 4264 19:
1257 4201 1497 4277 sthanantaram
1525 4206 1681 4282 gantum

292 4309 465 4385 icehami,
485 4311 517 4371 in
535 4310 631 4373 aliam
650 4311 811 4391 regionem
827 4310 967 4389 migrare
985 4309 1070 4381 volo;
1094 4308 1130 4371 cf.
1150 4308 1215 4370 Hit.
1235 4307 1259 4383 1,
1281 4309 1352 4369 161.
1377 4308 1406 4382 7,
1425 4307 1476 4369 21.
1499 4306 1552 4382 45,
1573 4307 1601 4381 1,
1623 4307 1679 4383 113

379 4485 565 4552 *1111111111
586 4485 657 4538 Petr.
679 4501 698 4538 s.
720 4503 743 4539 v.
765 4488 788 4539 1.
808 4484 862 4538 oid.

366 4574 403 4637 **)
423 4575 462 4628 Cf.
484 4577 557 4628 Curt.
577 4590 690 4642 gramm.
710 4590 801 4642 grace.
822 4577 843 4641 ξ.
863 4575 924 4628 567.

320 4691 323 4697 -
352 4663 405 4725 ***)
425 4663 464 4717 Cf.
484 4663 618 4716 Kuebleri
638 4670 780 4717 comment.
801 4680 862 4730 pag.
883 4666 907 4717 o.

379 4755 405 4818 tl
424 4753 516 4805 Verba
537 4769 607 4819 quae
627 4769 688 4806 cum
710 4752 845 4805 infinitivo
866 4752 1066 4819 coniunguntur
1085 4751 1197 4823 Paninis
1216 4753 1265 4818 111,
1285 4752 1310 4818 4,
1330 4754 1372 4817 65,
1392 4755 1426 4808 66
1446 4758 1597 4807 enumerat.
