3600 5454
725 1348 1067 1451 Praefatio

296 1707 439 1780 Abhinc
477 1713 645 1801 quattuor
686 1710 760 1780 fere
798 1729 911 1780 aunos
952 1729 1032 1778 cum
1070 1729 1218 1778 munere
1255 1728 1334 1778 meo
1374 1705 1590 1778 scholastico

207 1849 542 1922 commentationem
575 1850 732 1944 aliquam
766 1848 895 1922 edendi
928 1848 1128 1921 necessitas
1162 1847 1250 1919 mihi
1283 1855 1381 1921 esset
1412 1849 1591 1944 imposita,

206 1991 250 2064 de
278 1991 444 2064 infinitivi
474 1992 509 2063 vi
538 1998 573 2063 et
601 1999 728 2064 natura
755 1993 805 2064 ita
834 1992 977 2086 scripsi,
1009 1997 1048 2062 ut
1076 2014 1098 2062 a
1125 1989 1313 2091 ltigvedae
1341 1990 1484 2087 hymnis
1513 2011 1592 2084 pro-

205 2135 320 2206 fectus
362 2134 484 2206 varias
531 2134 786 2206 infinitivorum
833 2136 967 2206 formas
1013 2155 1107 2227 quae
1148 2133 1185 2203 in
1227 2132 1361 2226 linguis
1405 2133 1591 2224 sanserita

204 2275 375 2368 bactrica,
407 2299 551 2369 graeca,
585 2275 709 2368 latina,
745 2276 864 2369 gotioa
896 2275 1122 2369 reperiuntur
1153 2275 1214 2346 via
1246 2298 1288 2347 ac
1320 2275 1457 2347 ratione
1491 2298 1591 2346 enar-

205 2439 322 2488 rarem
369 2423 404 2487 et
449 2417 541 2487 inter
592 2439 632 2487 se
679 2386 932 2511 compararem.
1008 2416 1125 2505 Quam
1172 2417 1506 2489 commentationem
1552 2424 1591 2490 ut
1675 2398 1680 2405 ⁵

206 2556 485 2629 emendatiorem
513 2559 779 2653 auctionemque
811 2582 905 2631 nunc
938 2558 1045 2631 edere
1077 2580 1222 2653 possem
1256 2582 1327 2631 una
1360 2582 1440 2632 curn
1469 2560 1590 2652 altera

205 2722 297 2794 quae
336 2707 390 2776 est
429 2699 473 2771 de
510 2701 676 2774 infinitivi
708 2724 789 2793 usu,
832 2724 912 2774 cum
954 2702 1034 2797 ipse
1076 2723 1214 2773 summo
1253 2723 1361 2797 opere
1399 2702 1590 2795 elaboravi,

204 2848 298 2940 tum
320 2864 430 2936 opera
471 2845 636 2940 Benfeyi‚
678 2843 747 2914 viri
788 2829 1020 2935 doctissimis
1043 2845 1177 2930 factum
1219 2852 1286 2936 est,
1328 2845 1390 2938 qui
1432 2866 1512 2916 cum
1553 2845 1589 2916 in

206 2980 494 3074 ephemeridibus
528 2983 643 3057 doctis
674 2985 833 3079 Gotting.
871 3010 899 3057 a.
932 2987 1042 3056 1869.
1079 3011 1111 3081 p.
1144 2988 1244 3057 1440
1279 2984 1325 3056 de
1355 2986 1477 3058 libello
1510 3009 1589 3058 meo

205 3123 379 3195 benevolo
414 3124 532 3196 animo
565 3124 752 3217 iudicaret,
789 3126 861 3198 alia
897 3148 990 3219 quae
1026 3127 1118 3198 falso
1152 3128 1341 3199 attuleram
1377 3126 1590 3222 emendavit,

204 3263 276 3334 alia
313 3263 459 3337 addidit.
522 3266 619 3338 Huic
656 3266 733 3338 viro
771 3266 914 3360 publice
950 3267 1087 3360 gratias
1120 3291 1227 3362 agere
1260 3269 1327 3342 hoc
1360 3271 1438 3342 loco
1471 3293 1590 3344 meum

205 3427 287 3477 esse
316 3407 489 3479 existimo.

310 3549 462 3623 Duobus
504 3553 609 3623 anuis
651 3557 733 3647 post
776 3574 833 3623 me
869 3551 912 3623 A.
945 3550 1159 3646 Ludwigius
1201 3554 1331 3627 librum
1375 3554 1487 3628 edidit
1528 3557 1590 3651 qui

205 3689 410 3762 inscribitur
457 3689 530 3788 ‘der
571 3693 730 3764 Infinitiv
772 3693 821 3764 im
862 3692 967 3768 Veda
1012 3695 1077 3766 mit
1118 3695 1216 3766 einer
1259 3696 1482 3794 Systematik
1524 3697 1588 3770 des

205 3828 419 3902 litauischen
456 3832 530 3904 und
567 3833 773 3906 slavischen
810 3835 939 3909 Verbs.
993 3835 1091 3930 Prag
1129 3837 1249 3910 1871?
1314 3839 1392 3928 ero
1431 3841 1587 3935 perlecto

204 3969 365 4042 intellexi
389 3970 534 4065 quidem
558 3996 615 4045 me
639 3976 811 4048 nonnulla
834 3997 928 4070 quae
951 3975 997 4048 ad
1021 3977 1225 4075 ltigvedam
1249 3987 1413 4073 spectant
1440 3982 1589 4075 fugisse,

205 4110 270 4184 sed
312 4119 431 4185 tamen
473 4136 618 4209 operam
661 4116 697 4187 in
741 4139 787 4188 ea
824 4139 863 4189 re
900 4140 922 4187 a
958 4141 1016 4188 me
1053 4119 1264 4192 collocatam
1306 4144 1377 4193 non
1420 4126 1496 4195 fore
1537 4125 1588 4196 in-

204 4255 328 4326 utilem
358 4256 552 4328 etiamnum
576 4279 690 4351 spero.
736 4260 818 4331 Hoc
847 4265 964 4330 utrum
992 4267 1088 4331 recte
1113 4259 1264 4333 dixerim
1288 4286 1409 4357 neone,
1435 4265 1589 4339 viderint

169 4447 171 4451 ι
204 4396 237 4467 ei
265 4397 326 4490 qui
356 4396 400 4469 de
428 4397 485 4470 his
509 4400 616 4471 rebus
646 4399 805 4473 iudicare
833 4410 994 4495 possunt.
1033 4403 1112 4492 Quo
1137 4405 1254 4498 magis
1283 4413 1401 4478 autem
1431 4406 1588 4481 admiror

202 4537 385 4633 Ludwigii
427 4546 462 4611 et
503 4542 632 4614 mentis
675 4544 908 4637 sagacitatem
946 4552 981 4616 et
1016 4543 1165 4617 v'edioae
1206 4547 1352 4641 linguae
1391 4549 1587 4644 scientiam,

204 4680 305 4752 cuius
346 4683 398 4753 rei
440 4682 500 4754 ille
540 4683 631 4755 liber
678 4683 1011 4780 splendidissimum
1057 4687 1201 4760 exhibet
1241 4691 1497 4784 testimonium,
1544 4715 1585 4764 eo
