<?xml version="1.0" encoding="UTF-8"?>
<!DOCTYPE html PUBLIC "-//W3C//DTD XHTML 1.0 Transitional//EN"
    "http://www.w3.org/TR/xhtml1/DTD/xhtml1-transitional.dtd">
<html xmlns="http://www.w3.org/1999/xhtml" xml:lang="en" lang="en">
 <head>
  <title>
</title>
<meta http-equiv="Content-Type" content="text/html;charset=utf-8" />
  <meta name='ocr-system' content='tesseract 3.04.00' />
  <meta name='ocr-capabilities' content='ocr_page ocr_carea ocr_par ocr_line ocrx_word'/>
</head>
<body>
  <div class='ocr_page' id='page_1' title='image "./deinfinitivilin00wilhgoog_0017.png"; bbox 0 0 3600 5454; ppageno 0'>
   <div class='ocr_carea' id='block_1_1' title="bbox 926 294 948 362">
    <p class='ocr_par' dir='ltr' id='par_1_1' title="bbox 926 294 948 362">
     <span class='ocr_line' id='line_1_1' title="bbox 926 294 948 362; baseline 0 0"><span class='ocrx_word' id='word_1_1' title='bbox 926 294 948 362; x_wconf 81' lang='grc'>4</span> 
     </span>
    </p>
   </div>
   <div class='ocr_carea' id='block_1_2' title="bbox 189 490 1628 3986">
    <p class='ocr_par' dir='ltr' id='par_1_2' title="bbox 189 490 1628 2498">
     <span class='ocr_line' id='line_1_2' title="bbox 243 490 1628 581; baseline 0 -21"><span class='ocrx_word' id='word_1_2' title='bbox 243 491 473 560; x_wconf 88' lang='lat' dir='ltr'><strong>substantivum</strong></span> <span class='ocrx_word' id='word_1_3' title='bbox 495 490 622 558; x_wconf 91' lang='lat' dir='ltr'><strong>verbale</strong></span> <span class='ocrx_word' id='word_1_4' title='bbox 644 492 767 577; x_wconf 91' lang='lat' dir='ltr'><strong>vimque</strong></span> <span class='ocrx_word' id='word_1_5' title='bbox 792 493 858 557; x_wconf 91' lang='lat' dir='ltr'><strong>eius</strong></span> <span class='ocrx_word' id='word_1_6' title='bbox 880 493 1111 576; x_wconf 78' lang='lat' dir='ltr'><strong>primigeniam,</strong></span> <span class='ocrx_word' id='word_1_7' title='bbox 1133 494 1190 560; x_wconf 90' lang='lat' dir='ltr'><strong>ubi</strong></span> <span class='ocrx_word' id='word_1_8' title='bbox 1212 517 1286 561; x_wconf 88' lang='lat' dir='ltr'><strong>usus</strong></span> <span class='ocrx_word' id='word_1_9' title='bbox 1310 495 1377 560; x_wconf 90' lang='lat' dir='ltr'><strong>eius</strong></span> <span class='ocrx_word' id='word_1_10' title='bbox 1400 496 1495 561; x_wconf 85' lang='lat' dir='ltr'><strong>latius</strong></span> <span class='ocrx_word' id='word_1_11' title='bbox 1519 503 1628 581; x_wconf 89' lang='lat' dir='ltr'><strong>patere</strong></span> 
     </span>
     <span class='ocr_line' id='line_1_3' title="bbox 243 599 1627 685; baseline 0 -18"><span class='ocrx_word' id='word_1_12' title='bbox 243 602 407 685; x_wconf 85' lang='lat' dir='ltr'><strong>coepisset,</strong></span> <span class='ocrx_word' id='word_1_13' title='bbox 439 601 485 664; x_wconf 90' lang='lat' dir='ltr'><strong>ita</strong></span> <span class='ocrx_word' id='word_1_14' title='bbox 511 600 668 684; x_wconf 92' lang='lat' dir='ltr'><strong>paulatim</strong></span> <span class='ocrx_word' id='word_1_15' title='bbox 694 604 819 665; x_wconf 90' lang='lat' dir='ltr'><strong>auctam</strong></span> <span class='ocrx_word' id='word_1_16' title='bbox 847 605 943 684; x_wconf 88' lang='lat' dir='ltr'><strong>atque</strong></span> <span class='ocrx_word' id='word_1_17' title='bbox 971 599 1196 684; x_wconf 92' lang='lat' dir='ltr'><strong>amplificatam</strong></span> <span class='ocrx_word' id='word_1_18' title='bbox 1224 624 1305 678; x_wconf 90' lang='lat' dir='ltr'><strong>esse,</strong></span> <span class='ocrx_word' id='word_1_19' title='bbox 1332 608 1369 667; x_wconf 89' lang='lat' dir='ltr'><strong>ut</strong></span> <span class='ocrx_word' id='word_1_20' title='bbox 1391 602 1486 668; x_wconf 89' lang='lat' dir='ltr'><strong>hodie</strong></span> <span class='ocrx_word' id='word_1_21' title='bbox 1508 625 1627 668; x_wconf 93' lang='lat' dir='ltr'><strong>meram</strong></span> 
     </span>
     <span class='ocr_line' id='line_1_4' title="bbox 242 706 1628 795; baseline -0.001 -22"><span class='ocrx_word' id='word_1_22' title='bbox 242 708 330 773; x_wconf 91' lang='lat' dir='ltr'><strong>verbi</strong></span> <span class='ocrx_word' id='word_1_23' title='bbox 357 707 519 772; x_wconf 92' lang='lat' dir='ltr'><strong>notionem</strong></span> <span class='ocrx_word' id='word_1_24' title='bbox 545 706 739 772; x_wconf 74' lang='lat' dir='ltr'>abstractam</span> <span class='ocrx_word' id='word_1_25' title='bbox 767 728 861 791; x_wconf 92' lang='lat' dir='ltr'><strong>quam</strong></span> <span class='ocrx_word' id='word_1_26' title='bbox 884 707 994 772; x_wconf 88' lang='lat' dir='ltr'><strong>dicunt</strong></span> <span class='ocrx_word' id='word_1_27' title='bbox 1016 707 1208 790; x_wconf 87' lang='lat' dir='ltr'><strong>significaret</strong></span> <span class='ocrx_word' id='word_1_28' title='bbox 1216 709 1252 795; x_wconf 82' lang='lat'><strong>⁵).</strong></span> <span class='ocrx_word' id='word_1_29' title='bbox 1289 708 1421 794; x_wconf 82' lang='lat' dir='ltr'><strong>Aliquot</strong></span> <span class='ocrx_word' id='word_1_30' title='bbox 1443 711 1533 775; x_wconf 87' lang='lat' dir='ltr'><strong>annis</strong></span> <span class='ocrx_word' id='word_1_31' title='bbox 1556 715 1628 792; x_wconf 93' lang='lat' dir='ltr'><strong>post</strong></span> 
     </span>
     <span class='ocr_line' id='line_1_5' title="bbox 241 814 1627 899; baseline 0 -20"><span class='ocrx_word' id='word_1_32' title='bbox 241 814 413 879; x_wconf 87' lang='lat' dir='ltr'><strong>Hoeferum</strong></span> <span class='ocrx_word' id='word_1_33' title='bbox 437 814 568 878; x_wconf 90' lang='lat' dir='ltr'><strong>eandem</strong></span> <span class='ocrx_word' id='word_1_34' title='bbox 590 835 658 878; x_wconf 89' lang='lat' dir='ltr'><strong>rem</strong></span> <span class='ocrx_word' id='word_1_35' title='bbox 680 818 862 897; x_wconf 86' lang='lat' dir='ltr'><strong>persecutus</strong></span> <span class='ocrx_word' id='word_1_36' title='bbox 881 818 929 878; x_wconf 89' lang='lat' dir='ltr'><strong>est</strong></span> <span class='ocrx_word' id='word_1_37' title='bbox 947 815 1095 898; x_wconf 93' lang='lat' dir='ltr'><strong>Boppius,</strong></span> <span class='ocrx_word' id='word_1_38' title='bbox 1119 816 1224 899; x_wconf 93' lang='lat' dir='ltr'><strong>quiin</strong></span> <span class='ocrx_word' id='word_1_39' title='bbox 1242 818 1448 898; x_wconf 91' lang='lat' dir='ltr'><strong>grammatica</strong></span> <span class='ocrx_word' id='word_1_40' title='bbox 1466 838 1627 899; x_wconf 91' lang='lat' dir='ltr'><strong>compara-</strong></span> 
     </span>
     <span class='ocr_line' id='line_1_6' title="bbox 241 913 1627 1007; baseline 0.001 -22"><span class='ocrx_word' id='word_1_41' title='bbox 241 923 316 999; x_wconf 90' lang='lat' dir='ltr'><strong>tiva,</strong></span> <span class='ocrx_word' id='word_1_42' title='bbox 334 920 604 1004; x_wconf 88' lang='lat' dir='ltr'><strong>praestantissimo</strong></span> <span class='ocrx_word' id='word_1_43' title='bbox 622 921 678 986; x_wconf 91' lang='lat' dir='ltr'><strong>illo</strong></span> <span class='ocrx_word' id='word_1_44' title='bbox 696 919 787 997; x_wconf 92' lang='lat' dir='ltr'><strong>libro,</strong></span> <span class='ocrx_word' id='word_1_45' title='bbox 806 920 864 985; x_wconf 93' lang='lat' dir='ltr'><strong>vol.</strong></span> <span class='ocrx_word' id='word_1_46' title='bbox 884 920 941 997; x_wconf 93' lang='grc' dir='ltr'><strong>ΙΙΙ,</strong></span> <span class='ocrx_word' id='word_1_47' title='bbox 960 924 987 1002; x_wconf 66' lang='grc' dir='ltr'><strong>ξ.</strong></span> <span class='ocrx_word' id='word_1_48' title='bbox 999 921 1174 987; x_wconf 83' lang='grc'>849-886</span> <span class='ocrx_word' id='word_1_49' title='bbox 1195 944 1233 986; x_wconf 89' lang='lat' dir='ltr'><strong>ex</strong></span> <span class='ocrx_word' id='word_1_50' title='bbox 1251 923 1360 987; x_wconf 90' lang='lat' dir='ltr'><strong>vedica</strong></span> <span class='ocrx_word' id='word_1_51' title='bbox 1378 913 1514 988; x_wconf 85' lang='lat' dir='ltr'><strong>dialecto</strong></span> <span class='ocrx_word' id='word_1_52' title='bbox 1534 944 1627 1007; x_wconf 93' lang='lat' dir='ltr'><strong>quam</strong></span> 
     </span>
     <span class='ocr_line' id='line_1_7' title="bbox 241 1026 1627 1113; baseline 0 -22"><span class='ocrx_word' id='word_1_53' title='bbox 241 1026 396 1093; x_wconf 86' lang='lat' dir='ltr'><strong>Hoeierus</strong></span> <span class='ocrx_word' id='word_1_54' title='bbox 418 1027 530 1092; x_wconf 91' lang='lat' dir='ltr'><strong>leviter</strong></span> <span class='ocrx_word' id='word_1_55' title='bbox 551 1032 677 1092; x_wconf 88' lang='lat' dir='ltr'><strong>tantum</strong></span> <span class='ocrx_word' id='word_1_56' title='bbox 698 1031 830 1110; x_wconf 90' lang='lat' dir='ltr'><strong>tangere</strong></span> <span class='ocrx_word' id='word_1_57' title='bbox 852 1032 1010 1110; x_wconf 91' lang='lat' dir='ltr'><strong>potuerat,</strong></span> <span class='ocrx_word' id='word_1_58' title='bbox 1032 1027 1123 1112; x_wconf 91' lang='lat' dir='ltr'><strong>plura</strong></span> <span class='ocrx_word' id='word_1_59' title='bbox 1144 1029 1258 1111; x_wconf 91' lang='lat' dir='ltr'><strong>petivit</strong></span> <span class='ocrx_word' id='word_1_60' title='bbox 1280 1033 1375 1113; x_wconf 90' lang='lat' dir='ltr'><strong>atque</strong></span> <span class='ocrx_word' id='word_1_61' title='bbox 1398 1031 1432 1093; x_wconf 93' lang='lat' dir='ltr'><strong>in</strong></span> <span class='ocrx_word' id='word_1_62' title='bbox 1454 1051 1543 1094; x_wconf 91' lang='lat' dir='ltr'><strong>suam</strong></span> <span class='ocrx_word' id='word_1_63' title='bbox 1560 1051 1627 1092; x_wconf 92' lang='lat' dir='ltr'><strong>rem</strong></span> 
     </span>
     <span class='ocr_line' id='line_1_8' title="bbox 242 1133 1627 1218; baseline -0.001 -18"><span class='ocrx_word' id='word_1_64' title='bbox 242 1135 396 1200; x_wconf 86' lang='lat' dir='ltr'><strong>convertit</strong></span> <span class='ocrx_word' id='word_1_65' title='bbox 420 1139 452 1199; x_wconf 90' lang='lat' dir='ltr'><strong>et</strong></span> <span class='ocrx_word' id='word_1_66' title='bbox 476 1134 658 1218; x_wconf 72' lang='lat' dir='ltr'>quaestione</span> <span class='ocrx_word' id='word_1_67' title='bbox 682 1133 842 1198; x_wconf 77' lang='lat' dir='ltr'><strong>subtiliter</strong></span> <span class='ocrx_word' id='word_1_68' title='bbox 866 1139 898 1198; x_wconf 89' lang='lat' dir='ltr'><strong>ot</strong></span> <span class='ocrx_word' id='word_1_69' title='bbox 922 1134 1100 1199; x_wconf 87' lang='lat' dir='ltr'><strong>doctissime</strong></span> <span class='ocrx_word' id='word_1_70' title='bbox 1123 1135 1272 1200; x_wconf 88' lang='lat' dir='ltr'><strong>instituta</strong></span> <span class='ocrx_word' id='word_1_71' title='bbox 1290 1136 1504 1218; x_wconf 84' lang='lat' dir='ltr'><strong>comprobavit</strong></span> <span class='ocrx_word' id='word_1_72' title='bbox 1522 1133 1627 1199; x_wconf 89' lang='lat' dir='ltr'><strong>infini-</strong></span> 
     </span>
     <span class='ocr_line' id='line_1_9' title="bbox 241 1239 1628 1326; baseline 0 -22"><span class='ocrx_word' id='word_1_73' title='bbox 241 1241 341 1305; x_wconf 92' lang='lat' dir='ltr'><strong>tivum</strong></span> <span class='ocrx_word' id='word_1_74' title='bbox 364 1242 499 1324; x_wconf 90' lang='lat' dir='ltr'><strong>speciem</strong></span> <span class='ocrx_word' id='word_1_75' title='bbox 521 1241 656 1306; x_wconf 89' lang='lat' dir='ltr'><strong>nominis</strong></span> <span class='ocrx_word' id='word_1_76' title='bbox 681 1239 871 1305; x_wconf 83' lang='lat' dir='ltr'><strong>substantivi</strong></span> <span class='ocrx_word' id='word_1_77' title='bbox 893 1261 970 1322; x_wconf 90' lang='lat' dir='ltr'><strong>prae</strong></span> <span class='ocrx_word' id='word_1_78' title='bbox 989 1263 1022 1306; x_wconf 88' lang='lat' dir='ltr'><strong>se</strong></span> <span class='ocrx_word' id='word_1_79' title='bbox 1041 1240 1124 1306; x_wconf 87' lang='lat' dir='ltr'><strong>ferre</strong></span> <span class='ocrx_word' id='word_1_80' title='bbox 1142 1263 1244 1326; x_wconf 91' lang='lat' dir='ltr'><strong>neque</strong></span> <span class='ocrx_word' id='word_1_81' title='bbox 1264 1242 1434 1326; x_wconf 89' lang='lat' dir='ltr'><strong>quidquam</strong></span> <span class='ocrx_word' id='word_1_82' title='bbox 1453 1243 1541 1307; x_wconf 92' lang='lat' dir='ltr'><strong>aliud</strong></span> <span class='ocrx_word' id='word_1_83' title='bbox 1561 1263 1628 1305; x_wconf 89' lang='lat' dir='ltr'><strong>esse</strong></span> 
     </span>
     <span class='ocr_line' id='line_1_10' title="bbox 189 1346 1627 1432; baseline 0.001 -22"><span class='ocrx_word' id='word_1_84' title='bbox 189 1366 193 1382; x_wconf 91' lang='lat'><strong>·</strong></span> <span class='ocrx_word' id='word_1_85' title='bbox 242 1368 337 1431; x_wconf 92' lang='lat' dir='ltr'><strong>quam</strong></span> <span class='ocrx_word' id='word_1_86' title='bbox 359 1347 591 1412; x_wconf 88' lang='lat' dir='ltr'><strong>substantivum</strong></span> <span class='ocrx_word' id='word_1_87' title='bbox 614 1346 817 1432; x_wconf 88' lang='lat' dir='ltr'><strong>abstractum,</strong></span> <span class='ocrx_word' id='word_1_88' title='bbox 841 1347 925 1430; x_wconf 93' lang='lat' dir='ltr'><strong>quod</strong></span> <span class='ocrx_word' id='word_1_89' title='bbox 947 1348 981 1410; x_wconf 89' lang='lat' dir='ltr'><strong>in</strong></span> <span class='ocrx_word' id='word_1_90' title='bbox 999 1348 1131 1430; x_wconf 91' lang='lat' dir='ltr'><strong>singulis</strong></span> <span class='ocrx_word' id='word_1_91' title='bbox 1150 1349 1266 1432; x_wconf 90' lang='lat' dir='ltr'><strong>linguis</strong></span> <span class='ocrx_word' id='word_1_92' title='bbox 1285 1350 1372 1414; x_wconf 91' lang='lat' dir='ltr'><strong>vario</strong></span> <span class='ocrx_word' id='word_1_93' title='bbox 1390 1349 1484 1414; x_wconf 91' lang='lat' dir='ltr'><strong>modo</strong></span> <span class='ocrx_word' id='word_1_94' title='bbox 1503 1347 1627 1413; x_wconf 85' lang='lat' dir='ltr'><strong>confor-</strong></span> 
     </span>
     <span class='ocr_line' id='line_1_11' title="bbox 240 1453 1627 1538; baseline -0.001 -20"><span class='ocrx_word' id='word_1_95' title='bbox 240 1460 358 1519; x_wconf 94' lang='lat' dir='ltr'><strong>matum</strong></span> <span class='ocrx_word' id='word_1_96' title='bbox 383 1454 566 1519; x_wconf 89' lang='lat' dir='ltr'><strong>videremus.</strong></span> <span class='ocrx_word' id='word_1_97' title='bbox 604 1453 800 1537; x_wconf 83' lang='lat' dir='ltr'><strong>Quamquam</strong></span> <span class='ocrx_word' id='word_1_98' title='bbox 823 1475 903 1537; x_wconf 89' lang='lat' dir='ltr'><strong>quae</strong></span> <span class='ocrx_word' id='word_1_99' title='bbox 925 1455 1078 1538; x_wconf 87' lang='lat' dir='ltr'><strong>primaria</strong></span> <span class='ocrx_word' id='word_1_100' title='bbox 1100 1453 1249 1520; x_wconf 87' lang='lat' dir='ltr'><strong>infinitivi</strong></span> <span class='ocrx_word' id='word_1_101' title='bbox 1272 1455 1374 1520; x_wconf 87' lang='lat' dir='ltr'><strong>forma</strong></span> <span class='ocrx_word' id='word_1_102' title='bbox 1397 1462 1429 1520; x_wconf 93' lang='lat' dir='ltr'><strong>et</strong></span> <span class='ocrx_word' id='word_1_103' title='bbox 1447 1462 1561 1519; x_wconf 87' lang='lat' dir='ltr'><strong>natura</strong></span> <span class='ocrx_word' id='word_1_104' title='bbox 1577 1454 1627 1516; x_wconf 86' lang='lat' dir='ltr'><strong>iu-</strong></span> 
     </span>
     <span class='ocr_line' id='line_1_12' title="bbox 241 1559 1626 1644; baseline 0.001 -21"><span class='ocrx_word' id='word_1_105' title='bbox 241 1561 311 1638; x_wconf 92' lang='lat' dir='ltr'><strong>erit,</strong></span> <span class='ocrx_word' id='word_1_106' title='bbox 329 1560 461 1625; x_wconf 89' lang='lat' dir='ltr'><strong>saecuhs</strong></span> <span class='ocrx_word' id='word_1_107' title='bbox 481 1559 720 1625; x_wconf 80' lang='lat' dir='ltr'><strong>decurrentibus</strong></span> <span class='ocrx_word' id='word_1_108' title='bbox 736 1582 799 1626; x_wconf 92' lang='lat' dir='ltr'><strong>non</strong></span> <span class='ocrx_word' id='word_1_109' title='bbox 817 1560 931 1625; x_wconf 87' lang='lat' dir='ltr'><strong>iamin</strong></span> <span class='ocrx_word' id='word_1_110' title='bbox 950 1561 1145 1644; x_wconf 91' lang='lat' dir='ltr'><strong>singulorum</strong></span> <span class='ocrx_word' id='word_1_111' title='bbox 1162 1561 1320 1627; x_wconf 89' lang='lat' dir='ltr'><strong>mentibus</strong></span> <span class='ocrx_word' id='word_1_112' title='bbox 1339 1567 1394 1625; x_wconf 91' lang='lat' dir='ltr'><strong>aut</strong></span> <span class='ocrx_word' id='word_1_113' title='bbox 1412 1561 1550 1626; x_wconf 89' lang='lat' dir='ltr'><strong>haesisse</strong></span> <span class='ocrx_word' id='word_1_114' title='bbox 1570 1567 1626 1624; x_wconf 91' lang='lat' dir='ltr'><strong>aut</strong></span> 
     </span>
     <span class='ocr_line' id='line_1_13' title="bbox 240 1662 1628 1752; baseline -0.002 -20"><span class='ocrx_word' id='word_1_115' title='bbox 240 1667 372 1732; x_wconf 90' lang='lat' dir='ltr'><strong>haerere</strong></span> <span class='ocrx_word' id='word_1_116' title='bbox 399 1662 631 1732; x_wconf 86' lang='lat' dir='ltr'><strong>concedendum</strong></span> <span class='ocrx_word' id='word_1_117' title='bbox 659 1671 715 1731; x_wconf 91' lang='lat' dir='ltr'><strong>est.</strong></span> <span class='ocrx_word' id='word_1_118' title='bbox 753 1666 821 1744; x_wconf 80' lang='lat' dir='ltr'><strong>Quo</strong></span> <span class='ocrx_word' id='word_1_119' title='bbox 844 1688 991 1732; x_wconf 86' lang='lat' dir='ltr'><strong>concesso</strong></span> <span class='ocrx_word' id='word_1_120' title='bbox 1015 1690 1054 1732; x_wconf 90' lang='lat' dir='ltr'><strong>ne</strong></span> <span class='ocrx_word' id='word_1_121' title='bbox 1076 1668 1157 1733; x_wconf 92' lang='lat' dir='ltr'><strong>illud</strong></span> <span class='ocrx_word' id='word_1_122' title='bbox 1181 1669 1308 1752; x_wconf 91' lang='lat' dir='ltr'><strong>quidem</strong></span> <span class='ocrx_word' id='word_1_123' title='bbox 1331 1668 1445 1732; x_wconf 92' lang='lat' dir='ltr'><strong>mirum</strong></span> <span class='ocrx_word' id='word_1_124' title='bbox 1467 1667 1628 1731; x_wconf 84' lang='lat' dir='ltr'><strong>videbitur</strong></span> 
     </span>
     <span class='ocr_line' id='line_1_14' title="bbox 195 1772 1627 1859; baseline 0.001 -22"><span class='ocrx_word' id='word_1_125' title='bbox 195 1810 201 1827; x_wconf 60' lang='grc' dir='ltr'><em>ι</em></span> <span class='ocrx_word' id='word_1_126' title='bbox 240 1772 388 1838; x_wconf 88' lang='lat' dir='ltr'><strong>infinitivi</strong></span> <span class='ocrx_word' id='word_1_127' title='bbox 409 1795 501 1837; x_wconf 92' lang='lat' dir='ltr'><strong>usum</strong></span> <span class='ocrx_word' id='word_1_128' title='bbox 524 1795 617 1857; x_wconf 88' lang='lat' dir='ltr'><strong>saepe</strong></span> <span class='ocrx_word' id='word_1_129' title='bbox 640 1794 660 1837; x_wconf 91' lang='lat' dir='ltr'><strong>a</strong></span> <span class='ocrx_word' id='word_1_130' title='bbox 681 1773 870 1856; x_wconf 90' lang='lat' dir='ltr'><strong>primigenia</strong></span> <span class='ocrx_word' id='word_1_131' title='bbox 888 1775 955 1839; x_wconf 87' lang='lat' dir='ltr'><strong>eius</strong></span> <span class='ocrx_word' id='word_1_132' title='bbox 974 1773 1094 1839; x_wconf 91' lang='lat' dir='ltr'><strong>formae</strong></span> <span class='ocrx_word' id='word_1_133' title='bbox 1111 1776 1143 1838; x_wconf 94' lang='lat' dir='ltr'><strong>vi</strong></span> <span class='ocrx_word' id='word_1_134' title='bbox 1162 1781 1257 1859; x_wconf 90' lang='lat' dir='ltr'><strong>atque</strong></span> <span class='ocrx_word' id='word_1_135' title='bbox 1276 1774 1381 1840; x_wconf 90' lang='lat' dir='ltr'><strong>indole</strong></span> <span class='ocrx_word' id='word_1_136' title='bbox 1398 1774 1627 1857; x_wconf 84' lang='lat' dir='ltr'><strong>posterioribus</strong></span> 
     </span>
     <span class='ocr_line' id='line_1_15' title="bbox 240 1879 1627 1965; baseline -0.003 -20"><span class='ocrx_word' id='word_1_137' title='bbox 240 1881 434 1964; x_wconf 85' lang='lat' dir='ltr'><strong>temporibus</strong></span> <span class='ocrx_word' id='word_1_138' title='bbox 463 1879 636 1944; x_wconf 90' lang='lat' dir='ltr'><strong>abhorrere</strong></span> <span class='ocrx_word' id='word_1_139' title='bbox 664 1880 804 1963; x_wconf 89' lang='lat' dir='ltr'><strong>coepisse</strong></span> <span class='ocrx_word' id='word_1_140' title='bbox 812 1881 849 1965; x_wconf 72' lang='lat'><strong>⁶).</strong></span> <span class='ocrx_word' id='word_1_141' title='bbox 888 1880 957 1958; x_wconf 80' lang='lat' dir='ltr'><strong>Qua</strong></span> <span class='ocrx_word' id='word_1_142' title='bbox 984 1881 1083 1964; x_wconf 88' lang='lat' dir='ltr'><strong>igitur</strong></span> <span class='ocrx_word' id='word_1_143' title='bbox 1110 1881 1234 1947; x_wconf 91' lang='lat' dir='ltr'><strong>ratione</strong></span> <span class='ocrx_word' id='word_1_144' title='bbox 1256 1879 1430 1945; x_wconf 88' lang='lat' dir='ltr'><strong>infinitivus</strong></span> <span class='ocrx_word' id='word_1_145' title='bbox 1454 1882 1488 1945; x_wconf 93' lang='lat' dir='ltr'><strong>in</strong></span> <span class='ocrx_word' id='word_1_146' title='bbox 1510 1881 1627 1962; x_wconf 86' lang='lat' dir='ltr'><strong>linguis</strong></span> 
     </span>
     <span class='ocr_line' id='line_1_16' title="bbox 240 1972 1628 2071; baseline -0.003 -17"><span class='ocrx_word' id='word_1_147' title='bbox 240 1989 402 2064; x_wconf 86' lang='lat' dir='ltr'><strong>sanserita,</strong></span> <span class='ocrx_word' id='word_1_148' title='bbox 425 1987 573 2064; x_wconf 84' lang='lat' dir='ltr'><strong>bactrica,</strong></span> <span class='ocrx_word' id='word_1_149' title='bbox 597 2007 719 2069; x_wconf 86' lang='lat' dir='ltr'><strong>graec-a,</strong></span> <span class='ocrx_word' id='word_1_150' title='bbox 741 1985 850 2063; x_wconf 90' lang='lat' dir='ltr'><strong>latina,</strong></span> <span class='ocrx_word' id='word_1_151' title='bbox 876 1987 981 2070; x_wconf 90' lang='lat' dir='ltr'><strong>gotioa</strong></span> <span class='ocrx_word' id='word_1_152' title='bbox 993 1972 1212 2071; x_wconf 81' lang='lat' dir='ltr'><strong>usurparetur,</strong></span> <span class='ocrx_word' id='word_1_153' title='bbox 1235 1987 1269 2051; x_wconf 90' lang='lat' dir='ltr'><strong>id</strong></span> <span class='ocrx_word' id='word_1_154' title='bbox 1287 2009 1408 2064; x_wconf 89' lang='lat' dir='ltr'><strong>mecum</strong></span> <span class='ocrx_word' id='word_1_155' title='bbox 1426 1987 1493 2070; x_wconf 90' lang='lat' dir='ltr'><strong>ipse</strong></span> <span class='ocrx_word' id='word_1_156' title='bbox 1512 1987 1628 2050; x_wconf 78' lang='lat' dir='ltr'><strong>const‘·</strong></span> 
     </span>
     <span class='ocr_line' id='line_1_17' title="bbox 240 2091 1628 2177; baseline -0.003 -18"><span class='ocrx_word' id='word_1_157' title='bbox 240 2100 364 2159; x_wconf 92' lang='lat' dir='ltr'><strong>tueram</strong></span> <span class='ocrx_word' id='word_1_158' title='bbox 386 2093 433 2157; x_wconf 90' lang='lat' dir='ltr'><strong>ita</strong></span> <span class='ocrx_word' id='word_1_159' title='bbox 454 2091 655 2176; x_wconf 90' lang='lat' dir='ltr'><strong>perscrutari,</strong></span> <span class='ocrx_word' id='word_1_160' title='bbox 678 2097 714 2156; x_wconf 89' lang='lat' dir='ltr'><strong>ut</strong></span> <span class='ocrx_word' id='word_1_161' title='bbox 736 2114 811 2157; x_wconf 91' lang='lat' dir='ltr'><strong>usus</strong></span> <span class='ocrx_word' id='word_1_162' title='bbox 830 2091 977 2157; x_wconf 90' lang='lat' dir='ltr'><strong>infinitivi</strong></span> <span class='ocrx_word' id='word_1_163' title='bbox 996 2094 1258 2177; x_wconf 88' lang='lat' dir='ltr'><strong>quemadmodum</strong></span> <span class='ocrx_word' id='word_1_164' title='bbox 1277 2099 1333 2158; x_wconf 90' lang='lat' dir='ltr'><strong>aut</strong></span> <span class='ocrx_word' id='word_1_165' title='bbox 1352 2116 1421 2158; x_wconf 87' lang='lat' dir='ltr'><strong>cum</strong></span> <span class='ocrx_word' id='word_1_166' title='bbox 1439 2093 1628 2176; x_wconf 87' lang='lat' dir='ltr'><strong>primigenia</strong></span> 
     </span>
     <span class='ocr_line' id='line_1_18' title="bbox 240 2199 1627 2284; baseline -0.002 -19"><span class='ocrx_word' id='word_1_167' title='bbox 240 2201 359 2266; x_wconf 87' lang='lat' dir='ltr'><strong>formae</strong></span> <span class='ocrx_word' id='word_1_168' title='bbox 373 2199 601 2282; x_wconf 87' lang='lat' dir='ltr'><strong>significatione</strong></span> <span class='ocrx_word' id='word_1_169' title='bbox 616 2200 807 2265; x_wconf 80' lang='lat' dir='ltr'><strong>consentiret</strong></span> <span class='ocrx_word' id='word_1_170' title='bbox 817 2204 873 2264; x_wconf 89' lang='lat' dir='ltr'><strong>aut</strong></span> <span class='ocrx_word' id='word_1_171' title='bbox 882 2199 923 2264; x_wconf 90' lang='lat' dir='ltr'><strong>ab</strong></span> <span class='ocrx_word' id='word_1_172' title='bbox 934 2221 972 2264; x_wconf 89' lang='lat' dir='ltr'><strong>ea</strong></span> <span class='ocrx_word' id='word_1_173' title='bbox 981 2200 1167 2266; x_wconf 90' lang='lat' dir='ltr'><strong>abhorreret</strong></span> <span class='ocrx_word' id='word_1_174' title='bbox 1176 2201 1420 2284; x_wconf 83' lang='lat' dir='ltr'><strong>intellegeretur.</strong></span> <span class='ocrx_word' id='word_1_175' title='bbox 1448 2200 1546 2282; x_wconf 85' lang='lat' dir='ltr'><strong>Atqui</strong></span> <span class='ocrx_word' id='word_1_176' title='bbox 1557 2222 1627 2264; x_wconf 88' lang='lat' dir='ltr'><strong>oum</strong></span> 
     </span>
     <span class='ocr_line' id='line_1_19' title="bbox 240 2305 1627 2390; baseline -0.002 -18"><span class='ocrx_word' id='word_1_177' title='bbox 240 2312 310 2372; x_wconf 88' lang='lat' dir='ltr'><strong>tota</strong></span> <span class='ocrx_word' id='word_1_178' title='bbox 328 2307 470 2390; x_wconf 89' lang='lat' dir='ltr'><strong>quaestio</strong></span> <span class='ocrx_word' id='word_1_179' title='bbox 485 2306 527 2371; x_wconf 90' lang='lat' dir='ltr'><strong>sit</strong></span> <span class='ocrx_word' id='word_1_180' title='bbox 541 2306 703 2382; x_wconf 87' lang='lat' dir='ltr'><strong>eiusmodi,</strong></span> <span class='ocrx_word' id='word_1_181' title='bbox 721 2313 758 2370; x_wconf 90' lang='lat' dir='ltr'><strong>ut</strong></span> <span class='ocrx_word' id='word_1_182' title='bbox 772 2305 844 2370; x_wconf 88' lang='lat' dir='ltr'><strong>fieri</strong></span> <span class='ocrx_word' id='word_1_183' title='bbox 857 2327 921 2371; x_wconf 93' lang='lat' dir='ltr'><strong>non</strong></span> <span class='ocrx_word' id='word_1_184' title='bbox 935 2307 1042 2390; x_wconf 86' lang='lat' dir='ltr'><strong>possit,</strong></span> <span class='ocrx_word' id='word_1_185' title='bbox 1062 2307 1138 2390; x_wconf 92' lang='lat' dir='ltr'><strong>quin</strong></span> <span class='ocrx_word' id='word_1_186' title='bbox 1151 2309 1255 2372; x_wconf 91' lang='lat' dir='ltr'><strong>varias</strong></span> <span class='ocrx_word' id='word_1_187' title='bbox 1269 2306 1494 2372; x_wconf 90' lang='lat' dir='ltr'><strong>infinitivorum</strong></span> <span class='ocrx_word' id='word_1_188' title='bbox 1509 2306 1627 2371; x_wconf 88' lang='lat' dir='ltr'><strong>formas</strong></span> 
     </span>
     <span class='ocr_line' id='line_1_20' title="bbox 241 2411 1626 2498; baseline -0.001 -21"><span class='ocrx_word' id='word_1_189' title='bbox 241 2414 404 2496; x_wconf 91' lang='lat' dir='ltr'><strong>attingam,</strong></span> <span class='ocrx_word' id='word_1_190' title='bbox 427 2413 562 2496; x_wconf 91' lang='lat' dir='ltr'><strong>primum</strong></span> <span class='ocrx_word' id='word_1_191' title='bbox 586 2413 626 2477; x_wconf 91' lang='lat' dir='ltr'><strong>de</strong></span> <span class='ocrx_word' id='word_1_192' title='bbox 649 2411 798 2477; x_wconf 89' lang='lat' dir='ltr'><strong>infinitivi</strong></span> <span class='ocrx_word' id='word_1_193' title='bbox 820 2411 931 2490; x_wconf 81' lang='lat' dir='ltr'><strong>forma,</strong></span> <span class='ocrx_word' id='word_1_194' title='bbox 956 2413 1069 2478; x_wconf 91' lang='lat' dir='ltr'><strong>deinde</strong></span> <span class='ocrx_word' id='word_1_195' title='bbox 1093 2414 1132 2478; x_wconf 88' lang='lat' dir='ltr'><strong>de</strong></span> <span class='ocrx_word' id='word_1_196' title='bbox 1151 2414 1218 2478; x_wconf 89' lang='lat' dir='ltr'><strong>eius</strong></span> <span class='ocrx_word' id='word_1_197' title='bbox 1236 2437 1295 2479; x_wconf 93' lang='lat' dir='ltr'><strong>usu</strong></span> <span class='ocrx_word' id='word_1_198' title='bbox 1314 2416 1531 2498; x_wconf 87' lang='lat' dir='ltr'><strong>disputaturus</strong></span> <span class='ocrx_word' id='word_1_199' title='bbox 1549 2435 1626 2477; x_wconf 90' lang='lat' dir='ltr'><strong>sum.</strong></span> 
     </span>
    </p>

    <p class='ocr_par' dir='ltr' id='par_1_3' title="bbox 197 2519 1627 3986">
     <span class='ocr_line' id='line_1_21' title="bbox 329 2519 1627 2604; baseline 0 -21"><span class='ocrx_word' id='word_1_200' title='bbox 329 2520 422 2585; x_wconf 90' lang='lat' dir='ltr'><strong>Prius</strong></span> <span class='ocrx_word' id='word_1_201' title='bbox 449 2524 555 2583; x_wconf 91' lang='lat' dir='ltr'><strong>autem</strong></span> <span class='ocrx_word' id='word_1_202' title='bbox 578 2540 671 2602; x_wconf 91' lang='lat' dir='ltr'><strong>quam</strong></span> <span class='ocrx_word' id='word_1_203' title='bbox 695 2520 841 2584; x_wconf 85' lang='lat' dir='ltr'><strong>accedam</strong></span> <span class='ocrx_word' id='word_1_204' title='bbox 864 2520 905 2582; x_wconf 91' lang='lat' dir='ltr'><strong>ad</strong></span> <span class='ocrx_word' id='word_1_205' title='bbox 927 2519 1009 2585; x_wconf 90' lang='lat' dir='ltr'><strong>hanc</strong></span> <span class='ocrx_word' id='word_1_206' title='bbox 1033 2521 1260 2604; x_wconf 87' lang='lat' dir='ltr'><strong>quaestionem,</strong></span> <span class='ocrx_word' id='word_1_207' title='bbox 1287 2520 1386 2585; x_wconf 93' lang='lat' dir='ltr'><strong>libros</strong></span> <span class='ocrx_word' id='word_1_208' title='bbox 1410 2543 1487 2604; x_wconf 93' lang='lat' dir='ltr'><strong>quos</strong></span> <span class='ocrx_word' id='word_1_209' title='bbox 1510 2522 1544 2585; x_wconf 94' lang='lat' dir='ltr'><strong>in</strong></span> <span class='ocrx_word' id='word_1_210' title='bbox 1565 2521 1627 2584; x_wconf 90' lang='lat' dir='ltr'><strong>hae</strong></span> 
     </span>
     <span class='ocr_line' id='line_1_22' title="bbox 242 2625 1627 2711; baseline -0.001 -20"><span class='ocrx_word' id='word_1_211' title='bbox 242 2627 503 2691; x_wconf 87' lang='lat' dir='ltr'><strong>commentatione</strong></span> <span class='ocrx_word' id='word_1_212' title='bbox 527 2625 752 2691; x_wconf 89' lang='lat' dir='ltr'><strong>conscribenda</strong></span> <span class='ocrx_word' id='word_1_213' title='bbox 774 2625 907 2690; x_wconf 90' lang='lat' dir='ltr'><strong>adhibui</strong></span> <span class='ocrx_word' id='word_1_214' title='bbox 930 2647 1113 2691; x_wconf 89' lang='lat' dir='ltr'><strong>enumerare</strong></span> <span class='ocrx_word' id='word_1_215' title='bbox 1135 2628 1214 2691; x_wconf 89' lang='lat' dir='ltr'><strong>mihi</strong></span> <span class='ocrx_word' id='word_1_216' title='bbox 1236 2626 1337 2691; x_wconf 89' lang='lat' dir='ltr'><strong>hceat.</strong></span> <span class='ocrx_word' id='word_1_217' title='bbox 1376 2627 1480 2711; x_wconf 87' lang='lat' dir='ltr'><strong>Atque</strong></span> <span class='ocrx_word' id='word_1_218' title='bbox 1499 2633 1627 2711; x_wconf 91' lang='lat' dir='ltr'><strong>praeter</strong></span> 
     </span>
     <span class='ocr_line' id='line_1_23' title="bbox 242 2731 1626 2818; baseline 0 -20"><span class='ocrx_word' id='word_1_219' title='bbox 242 2754 294 2798; x_wconf 89' lang='lat' dir='ltr'><strong>eos</strong></span> <span class='ocrx_word' id='word_1_220' title='bbox 318 2755 449 2817; x_wconf 93' lang='lat' dir='ltr'><strong>quorum</strong></span> <span class='ocrx_word' id='word_1_221' title='bbox 473 2733 535 2797; x_wconf 92' lang='lat' dir='ltr'><strong>iam</strong></span> <span class='ocrx_word' id='word_1_222' title='bbox 555 2732 744 2797; x_wconf 92' lang='lat' dir='ltr'><strong>mentionem</strong></span> <span class='ocrx_word' id='word_1_223' title='bbox 762 2731 822 2797; x_wconf 86' lang='lat' dir='ltr'><strong>ieci</strong></span> <span class='ocrx_word' id='word_1_224' title='bbox 840 2732 927 2797; x_wconf 89' lang='grc'><strong>111333</strong></span> <span class='ocrx_word' id='word_1_225' title='bbox 944 2755 1019 2799; x_wconf 84' lang='lat' dir='ltr'><strong>usus</strong></span> <span class='ocrx_word' id='word_1_226' title='bbox 1037 2756 1106 2798; x_wconf 92' lang='lat' dir='ltr'><strong>sum</strong></span> <span class='ocrx_word' id='word_1_227' title='bbox 1123 2732 1227 2799; x_wconf 91' lang='lat' dir='ltr'><strong>libris:</strong></span> <span class='ocrx_word' id='word_1_228' title='bbox 1251 2734 1404 2818; x_wconf 89' lang='lat' dir='ltr'><strong>imprimis</strong></span> <span class='ocrx_word' id='word_1_229' title='bbox 1422 2733 1626 2816; x_wconf 82' lang='lat' dir='ltr'><strong>Boehthngld</strong></span> 
     </span>
     <span class='ocr_line' id='line_1_24' title="bbox 242 2838 1624 2922; baseline 0 -18"><span class='ocrx_word' id='word_1_230' title='bbox 242 2846 274 2904; x_wconf 89' lang='lat' dir='ltr'><strong>et</strong></span> <span class='ocrx_word' id='word_1_231' title='bbox 300 2840 397 2904; x_wconf 88' lang='lat' dir='ltr'><strong>Rothi</strong></span> <span class='ocrx_word' id='word_1_232' title='bbox 424 2839 524 2905; x_wconf 84' lang='lat' dir='ltr'><strong>lexico</strong></span> <span class='ocrx_word' id='word_1_233' title='bbox 552 2861 681 2916; x_wconf 82' lang='lat' dir='ltr'><strong>sanson,</strong></span> <span class='ocrx_word' id='word_1_234' title='bbox 709 2838 807 2903; x_wconf 87' lang='lat' dir='ltr'><strong>Rothi</strong></span> <span class='ocrx_word' id='word_1_235' title='bbox 833 2839 915 2905; x_wconf 92' lang='lat' dir='ltr'><strong>libro</strong></span> <span class='ocrx_word' id='word_1_236' title='bbox 943 2840 985 2904; x_wconf 92' lang='lat' dir='ltr'><strong>ad</strong></span> <span class='ocrx_word' id='word_1_237' title='bbox 1011 2840 1085 2904; x_wconf 90' lang='grc'><strong>11131.</strong></span> <span class='ocrx_word' id='word_1_238' title='bbox 1115 2845 1147 2904; x_wconf 90' lang='grc'><strong>31</strong></span> <span class='ocrx_word' id='word_1_239' title='bbox 1174 2841 1304 2905; x_wconf 74' lang='lat' dir='ltr'><strong>litteral.</strong></span> <span class='ocrx_word' id='word_1_240' title='bbox 1328 2840 1437 2905; x_wconf 87' lang='lat' dir='ltr'><strong>Vedae</strong></span> <span class='ocrx_word' id='word_1_241' title='bbox 1464 2841 1624 2922; x_wconf 87' lang='lat' dir='ltr'><strong>inscripto,</strong></span> 
     </span>
     <span class='ocr_line' id='line_1_25' title="bbox 241 2944 1626 3030; baseline -0.001 -21"><span class='ocrx_word' id='word_1_242' title='bbox 241 2946 283 3010; x_wconf 93' lang='lat' dir='ltr'><strong>M.</strong></span> <span class='ocrx_word' id='word_1_243' title='bbox 308 2947 452 3011; x_wconf 91' lang='lat' dir='ltr'><strong>Muelleri</strong></span> <span class='ocrx_word' id='word_1_244' title='bbox 476 2944 819 3029; x_wconf 82' lang='lat' dir='ltr'><strong>Rig-Veda-Sanhitae</strong></span> <span class='ocrx_word' id='word_1_245' title='bbox 843 2947 901 3011; x_wconf 94' lang='lat' dir='ltr'><strong>vol.</strong></span> <span class='ocrx_word' id='word_1_246' title='bbox 920 2946 954 3024; x_wconf 91' lang='grc' dir='ltr'><strong>Ι.,</strong></span> <span class='ocrx_word' id='word_1_247' title='bbox 976 2947 1105 3025; x_wconf 79' lang='lat' dir='ltr'><strong>Paninis</strong></span> <span class='ocrx_word' id='word_1_248' title='bbox 1129 2947 1231 3013; x_wconf 77' lang='lat' dir='ltr'><strong>Sitris</strong></span> <span class='ocrx_word' id='word_1_249' title='bbox 1254 2969 1274 3011; x_wconf 96' lang='lat' dir='ltr'><strong>a</strong></span> <span class='ocrx_word' id='word_1_250' title='bbox 1296 2947 1519 3030; x_wconf 88' lang='lat' dir='ltr'><strong>Boehtlingkio</strong></span> <span class='ocrx_word' id='word_1_251' title='bbox 1543 2947 1626 3022; x_wconf 87' lang='lat' dir='ltr'><strong>edit,</strong></span> 
     </span>
     <span class='ocr_line' id='line_1_26' title="bbox 240 3051 1626 3138; baseline -0.002 -20"><span class='ocrx_word' id='word_1_252' title='bbox 240 3053 355 3118; x_wconf 89' lang='lat' dir='ltr'><strong>Roseni</strong></span> <span class='ocrx_word' id='word_1_253' title='bbox 380 3053 518 3133; x_wconf 85' lang='lat' dir='ltr'><strong>editione</strong></span> <span class='ocrx_word' id='word_1_254' title='bbox 536 3052 705 3135; x_wconf 82' lang='lat' dir='ltr'><strong>Rigvedae,</strong></span> <span class='ocrx_word' id='word_1_255' title='bbox 728 3051 894 3117; x_wconf 83' lang='lat' dir='ltr'><strong>Aufrechti</strong></span> <span class='ocrx_word' id='word_1_256' title='bbox 917 3054 990 3118; x_wconf 87' lang='lat' dir='ltr'><strong>edit.</strong></span> <span class='ocrx_word' id='word_1_257' title='bbox 1008 3054 1113 3138; x_wconf 89' lang='lat' dir='ltr'><strong>hymn.</strong></span> <span class='ocrx_word' id='word_1_258' title='bbox 1133 3055 1231 3137; x_wconf 78' lang='lat' dir='ltr'><strong>Rigv,</strong></span> <span class='ocrx_word' id='word_1_259' title='bbox 1250 3053 1382 3136; x_wconf 89' lang='lat' dir='ltr'><strong>Benfeyi</strong></span> <span class='ocrx_word' id='word_1_260' title='bbox 1401 3054 1576 3118; x_wconf 78' lang='lat' dir='ltr'><strong>Samaveda</strong></span> <span class='ocrx_word' id='word_1_261' title='bbox 1594 3059 1626 3117; x_wconf 85' lang='lat' dir='ltr'><strong>et</strong></span> 
     </span>
     <span class='ocr_line' id='line_1_27' title="bbox 242 3157 1623 3243; baseline -0.005 -19"><span class='ocrx_word' id='word_1_262' title='bbox 242 3161 382 3225; x_wconf 88' lang='lat' dir='ltr'><strong>eiusdem</strong></span> <span class='ocrx_word' id='word_1_263' title='bbox 399 3181 528 3243; x_wconf 88' lang='lat' dir='ltr'><strong>gramm</strong></span> <span class='ocrx_word' id='word_1_264' title='bbox 548 3180 663 3224; x_wconf 90' lang='lat' dir='ltr'><strong>sanscr.</strong></span> <span class='ocrx_word' id='word_1_265' title='bbox 682 3160 763 3235; x_wconf 88' lang='lat' dir='ltr'><strong>mai,</strong></span> <span class='ocrx_word' id='word_1_266' title='bbox 784 3159 984 3236; x_wconf 86' lang='lat' dir='ltr'><strong>Delbruechi,</strong></span> <span class='ocrx_word' id='word_1_267' title='bbox 1007 3161 1066 3224; x_wconf 90' lang='lat' dir='ltr'><strong>viri</strong></span> <span class='ocrx_word' id='word_1_268' title='bbox 1085 3161 1258 3226; x_wconf 88' lang='lat' dir='ltr'><strong>doctissimi</strong></span> <span class='ocrx_word' id='word_1_269' title='bbox 1277 3167 1308 3224; x_wconf 91' lang='grc'><strong>31</strong></span> <span class='ocrx_word' id='word_1_270' title='bbox 1326 3159 1552 3233; x_wconf 88' lang='lat' dir='ltr'><strong>humanissimi,</strong></span> <span class='ocrx_word' id='word_1_271' title='bbox 1571 3157 1623 3238; x_wconf 93' lang='lat' dir='ltr'><strong>qui</strong></span> 
     </span>
     <span class='ocr_line' id='line_1_28' title="bbox 241 3263 1622 3348; baseline -0.007 -17"><span class='ocrx_word' id='word_1_272' title='bbox 241 3288 291 3331; x_wconf 91' lang='lat' dir='ltr'><strong>me</strong></span> <span class='ocrx_word' id='word_1_273' title='bbox 310 3268 405 3331; x_wconf 91' lang='lat' dir='ltr'><strong>etiam</strong></span> <span class='ocrx_word' id='word_1_274' title='bbox 419 3267 535 3331; x_wconf 90' lang='lat' dir='ltr'><strong>litteris</strong></span> <span class='ocrx_word' id='word_1_275' title='bbox 548 3265 678 3341; x_wconf 87' lang='lat' dir='ltr'><strong>adiuvit,</strong></span> <span class='ocrx_word' id='word_1_276' title='bbox 697 3267 957 3331; x_wconf 88' lang='lat' dir='ltr'><strong>commentatione</strong></span> <span class='ocrx_word' id='word_1_277' title='bbox 972 3267 1012 3331; x_wconf 90' lang='lat' dir='ltr'><strong>de</strong></span> <span class='ocrx_word' id='word_1_278' title='bbox 1026 3268 1124 3331; x_wconf 90' lang='lat' dir='ltr'><strong>dativi</strong></span> <span class='ocrx_word' id='word_1_279' title='bbox 1137 3290 1197 3332; x_wconf 92' lang='lat' dir='ltr'><strong>usu</strong></span> <span class='ocrx_word' id='word_1_280' title='bbox 1210 3269 1244 3332; x_wconf 94' lang='lat' dir='ltr'><strong>in</strong></span> <span class='ocrx_word' id='word_1_281' title='bbox 1253 3268 1380 3332; x_wconf 89' lang='lat' dir='ltr'><strong>carmin.</strong></span> <span class='ocrx_word' id='word_1_282' title='bbox 1392 3267 1491 3348; x_wconf 81' lang='lat' dir='ltr'><strong>Rigv,</strong></span> <span class='ocrx_word' id='word_1_283' title='bbox 1505 3263 1622 3324; x_wconf 88' lang='lat' dir='ltr'><strong>Auten-</strong></span> 
     </span>
     <span class='ocr_line' id='line_1_29' title="bbox 197 3353 1623 3458; baseline -0.008 -19"><span class='ocrx_word' id='word_1_284' title='bbox 197 3426 204 3439; x_wconf 84' lang='lat'><strong>.</strong></span> <span class='ocrx_word' id='word_1_285' title='bbox 242 3372 339 3436; x_wconf 89' lang='grc'><strong>1131111</strong></span> <span class='ocrx_word' id='word_1_286' title='bbox 358 3379 521 3438; x_wconf 91' lang='lat' dir='ltr'><strong>comment.</strong></span> <span class='ocrx_word' id='word_1_287' title='bbox 541 3372 702 3458; x_wconf 47' lang='lat' dir='ltr'><strong>‘terminus</strong></span> <span class='ocrx_word' id='word_1_288' title='bbox 715 3353 752 3436; x_wconf 27' lang='lat' dir='ltr'><strong>in·</strong></span> <span class='ocrx_word' id='word_1_289' title='bbox 763 3372 863 3456; x_wconf 92' lang='lat' dir='ltr'><strong>quem&#39;</strong></span> <span class='ocrx_word' id='word_1_290' title='bbox 881 3373 1041 3456; x_wconf 87' lang='lat' dir='ltr'><strong>inscripta,</strong></span> <span class='ocrx_word' id='word_1_291' title='bbox 1060 3375 1161 3458; x_wconf 94' lang='lat' dir='ltr'><strong>Boppi</strong></span> <span class='ocrx_word' id='word_1_292' title='bbox 1176 3396 1304 3457; x_wconf 88' lang='lat' dir='ltr'><strong>gramm.</strong></span> <span class='ocrx_word' id='word_1_293' title='bbox 1319 3391 1453 3453; x_wconf 87' lang='lat' dir='ltr'><strong>compar.</strong></span> <span class='ocrx_word' id='word_1_294' title='bbox 1468 3368 1541 3431; x_wconf 88' lang='lat' dir='ltr'><strong>edit.</strong></span> <span class='ocrx_word' id='word_1_295' title='bbox 1557 3365 1623 3441; x_wconf 73' lang='grc' dir='ltr'><strong>ΙΙΙ,</strong></span> 
     </span>
     <span class='ocr_line' id='line_1_30' title="bbox 242 3473 1623 3564; baseline -0.006 -21"><span class='ocrx_word' id='word_1_296' title='bbox 242 3478 432 3543; x_wconf 87' lang='lat' dir='ltr'><strong>Schleicheri</strong></span> <span class='ocrx_word' id='word_1_297' title='bbox 456 3478 640 3562; x_wconf 90' lang='lat' dir='ltr'><strong>compendio</strong></span> <span class='ocrx_word' id='word_1_298' title='bbox 664 3501 708 3562; x_wconf 90' lang='lat' dir='ltr'><strong>gr.</strong></span> <span class='ocrx_word' id='word_1_299' title='bbox 727 3501 824 3562; x_wconf 90' lang='lat' dir='ltr'><strong>comp.</strong></span> <span class='ocrx_word' id='word_1_300' title='bbox 847 3480 895 3544; x_wconf 90' lang='lat' dir='ltr'><strong>ed.</strong></span> <span class='ocrx_word' id='word_1_301' title='bbox 915 3479 983 3557; x_wconf 83' lang='lat'><strong>111,</strong></span> <span class='ocrx_word' id='word_1_302' title='bbox 1007 3480 1143 3564; x_wconf 86' lang='lat' dir='ltr'><strong>Spiegeli</strong></span> <span class='ocrx_word' id='word_1_303' title='bbox 1166 3502 1295 3563; x_wconf 87' lang='lat' dir='ltr'><strong>gramm.</strong></span> <span class='ocrx_word' id='word_1_304' title='bbox 1319 3475 1466 3550; x_wconf 83' lang='lat' dir='ltr'><strong>bactrica,</strong></span> <span class='ocrx_word' id='word_1_305' title='bbox 1486 3473 1623 3536; x_wconf 88' lang='lat' dir='ltr'><strong>editione</strong></span> 
     </span>
     <span class='ocr_line' id='line_1_31' title="bbox 242 3568 1624 3664; baseline -0.007 -14"><span class='ocrx_word' id='word_1_306' title='bbox 242 3586 458 3650; x_wconf 88' lang='lat' dir='ltr'><strong>Zendavestae</strong></span> <span class='ocrx_word' id='word_1_307' title='bbox 477 3590 509 3649; x_wconf 90' lang='lat' dir='ltr'><strong>et</strong></span> <span class='ocrx_word' id='word_1_308' title='bbox 528 3587 751 3650; x_wconf 88' lang='lat' dir='ltr'><strong>commentario</strong></span> <span class='ocrx_word' id='word_1_309' title='bbox 771 3586 810 3650; x_wconf 90' lang='lat' dir='ltr'><strong>de</strong></span> <span class='ocrx_word' id='word_1_310' title='bbox 823 3587 1026 3664; x_wconf 88' lang='lat' dir='ltr'><strong>Zendavesta,</strong></span> <span class='ocrx_word' id='word_1_311' title='bbox 1045 3594 1077 3651; x_wconf 92' lang='grc'><strong>31</strong></span> <span class='ocrx_word' id='word_1_312' title='bbox 1096 3587 1234 3652; x_wconf 88' lang='lat' dir='ltr'><strong>eiusdem</strong></span> <span class='ocrx_word' id='word_1_313' title='bbox 1252 3568 1312 3648; x_wconf 72' lang='lat' dir='ltr'><strong>riri</strong></span> <span class='ocrx_word' id='word_1_314' title='bbox 1329 3581 1467 3647; x_wconf 87' lang='lat' dir='ltr'><strong>editione</strong></span> <span class='ocrx_word' id='word_1_315' title='bbox 1486 3579 1624 3661; x_wconf 89' lang='lat' dir='ltr'><strong>inscript.</strong></span> 
     </span>
     <span class='ocr_line' id='line_1_32' title="bbox 241 3685 1624 3776; baseline -0.006 -20"><span class='ocrx_word' id='word_1_316' title='bbox 241 3714 321 3776; x_wconf 90' lang='lat' dir='ltr'><strong>pers.</strong></span> <span class='ocrx_word' id='word_1_317' title='bbox 346 3697 476 3767; x_wconf 88' lang='lat' dir='ltr'><strong>cuneat,</strong></span> <span class='ocrx_word' id='word_1_318' title='bbox 499 3691 595 3755; x_wconf 87' lang='lat' dir='ltr'><strong>Justii</strong></span> <span class='ocrx_word' id='word_1_319' title='bbox 618 3692 718 3756; x_wconf 84' lang='lat' dir='ltr'><strong>lexico</strong></span> <span class='ocrx_word' id='word_1_320' title='bbox 742 3692 889 3772; x_wconf 86' lang='lat' dir='ltr'><strong>bactrico,</strong></span> <span class='ocrx_word' id='word_1_321' title='bbox 913 3693 1098 3758; x_wconf 92' lang='lat' dir='ltr'><strong>Mommseni</strong></span> <span class='ocrx_word' id='word_1_322' title='bbox 1117 3695 1156 3758; x_wconf 90' lang='lat' dir='ltr'><strong>de</strong></span> <span class='ocrx_word' id='word_1_323' title='bbox 1175 3690 1317 3756; x_wconf 88' lang='lat' dir='ltr'><strong>dialectis</strong></span> <span class='ocrx_word' id='word_1_324' title='bbox 1335 3687 1493 3752; x_wconf 87' lang='lat' dir='ltr'><strong>inferioris</strong></span> <span class='ocrx_word' id='word_1_325' title='bbox 1512 3685 1624 3749; x_wconf 89' lang='lat' dir='ltr'><strong>Italiae</strong></span> 
     </span>
     <span class='ocr_line' id='line_1_33' title="bbox 241 3791 1624 3880; baseline -0.005 -18"><span class='ocrx_word' id='word_1_326' title='bbox 241 3798 332 3876; x_wconf 88' lang='lat' dir='ltr'><strong>libre,</strong></span> <span class='ocrx_word' id='word_1_327' title='bbox 351 3798 563 3862; x_wconf 87' lang='lat' dir='ltr'><strong>Monumentis</strong></span> <span class='ocrx_word' id='word_1_328' title='bbox 585 3797 711 3880; x_wconf 84' lang='lat' dir='ltr'><strong>linguae</strong></span> <span class='ocrx_word' id='word_1_329' title='bbox 733 3798 893 3863; x_wconf 89' lang='lat' dir='ltr'><strong>umbrioae</strong></span> <span class='ocrx_word' id='word_1_330' title='bbox 913 3799 953 3864; x_wconf 92' lang='lat' dir='ltr'><strong>ab</strong></span> <span class='ocrx_word' id='word_1_331' title='bbox 973 3799 1157 3863; x_wconf 89' lang='lat' dir='ltr'><strong>Aufrechtio</strong></span> <span class='ocrx_word' id='word_1_332' title='bbox 1176 3803 1208 3860; x_wconf 89' lang='grc'><strong>31</strong></span> <span class='ocrx_word' id='word_1_333' title='bbox 1225 3791 1420 3859; x_wconf 85' lang='lat' dir='ltr'><strong>Kirchhoffio</strong></span> <span class='ocrx_word' id='word_1_334' title='bbox 1440 3793 1543 3869; x_wconf 77' lang='lat' dir='ltr'><strong>editis,</strong></span> <span class='ocrx_word' id='word_1_335' title='bbox 1566 3793 1624 3856; x_wconf 91' lang='lat' dir='ltr'><strong>Ul-</strong></span> 
     </span>
     <span class='ocr_line' id='line_1_34' title="bbox 240 3900 1623 3986; baseline -0.004 -18"><span class='ocrx_word' id='word_1_336' title='bbox 240 3902 295 3968; x_wconf 91' lang='lat' dir='ltr'><strong>fila</strong></span> <span class='ocrx_word' id='word_1_337' title='bbox 313 3904 387 3967; x_wconf 88' lang='lat' dir='ltr'><strong>aM.</strong></span> <span class='ocrx_word' id='word_1_338' title='bbox 402 3904 525 3986; x_wconf 85' lang='lat' dir='ltr'><strong>Heynio</strong></span> <span class='ocrx_word' id='word_1_339' title='bbox 545 3904 639 3980; x_wconf 90' lang='lat' dir='ltr'><strong>edito,</strong></span> <span class='ocrx_word' id='word_1_340' title='bbox 657 3904 694 3968; x_wconf 95' lang='lat' dir='ltr'><strong>A.</strong></span> <span class='ocrx_word' id='word_1_341' title='bbox 709 3904 858 3969; x_wconf 86' lang='lat' dir='ltr'><strong>Koehleri</strong></span> <span class='ocrx_word' id='word_1_342' title='bbox 877 3903 1189 3970; x_wconf 88' lang='lat' dir='ltr'><strong>commentationibus</strong></span> <span class='ocrx_word' id='word_1_343' title='bbox 1208 3901 1247 3964; x_wconf 92' lang='lat' dir='ltr'><strong>de</strong></span> <span class='ocrx_word' id='word_1_344' title='bbox 1266 3923 1324 3965; x_wconf 91' lang='lat' dir='ltr'><strong>usu</strong></span> <span class='ocrx_word' id='word_1_345' title='bbox 1343 3900 1441 3964; x_wconf 89' lang='lat' dir='ltr'><strong>dativi</strong></span> <span class='ocrx_word' id='word_1_346' title='bbox 1462 3905 1493 3963; x_wconf 89' lang='lat' dir='ltr'><strong>ct</strong></span> <span class='ocrx_word' id='word_1_347' title='bbox 1512 3900 1552 3962; x_wconf 90' lang='lat' dir='ltr'><strong>de</strong></span> <span class='ocrx_word' id='word_1_348' title='bbox 1565 3921 1623 3963; x_wconf 93' lang='lat' dir='ltr'><strong>usu</strong></span> 
     </span>
    </p>
   </div>
   <div class='ocr_carea' id='block_1_3' title="bbox 241 4004 1726 4092">
    <p class='ocr_par' dir='ltr' id='par_1_4' title="bbox 241 4004 1726 4092">
     <span class='ocr_line' id='line_1_35' title="bbox 241 4004 1726 4092; baseline -0.004 -18"><span class='ocrx_word' id='word_1_349' title='bbox 241 4009 388 4075; x_wconf 86' lang='lat' dir='ltr'><strong>infinitivi</strong></span> <span class='ocrx_word' id='word_1_350' title='bbox 406 4010 439 4073; x_wconf 91' lang='lat' dir='ltr'><strong>in</strong></span> <span class='ocrx_word' id='word_1_351' title='bbox 453 4009 562 4092; x_wconf 88' lang='lat' dir='ltr'><strong>lingua</strong></span> <span class='ocrx_word' id='word_1_352' title='bbox 575 4010 679 4092; x_wconf 87' lang='lat' dir='ltr'><strong>getica</strong></span> <span class='ocrx_word' id='word_1_353' title='bbox 692 4010 833 4075; x_wconf 86' lang='lat' dir='ltr'><strong>Pseifferi</strong></span> <span class='ocrx_word' id='word_1_354' title='bbox 848 4011 1036 4076; x_wconf 89' lang='lat' dir='ltr'><strong>Germaniae</strong></span> <span class='ocrx_word' id='word_1_355' title='bbox 1050 4009 1108 4074; x_wconf 89' lang='lat' dir='ltr'><strong>vol.</strong></span> <span class='ocrx_word' id='word_1_356' title='bbox 1123 4009 1178 4084; x_wconf 87' lang='lat' dir='ltr'><strong>Xl,</strong></span> <span class='ocrx_word' id='word_1_357' title='bbox 1191 4004 1221 4091; x_wconf 93' lang='lat' dir='ltr'><strong>p.</strong></span> <span class='ocrx_word' id='word_1_358' title='bbox 1237 4005 1412 4070; x_wconf 73' lang='lat' dir='ltr'><strong>aur-305</strong></span> <span class='ocrx_word' id='word_1_359' title='bbox 1432 4013 1464 4069; x_wconf 89' lang='grc'><strong>31</strong></span> <span class='ocrx_word' id='word_1_360' title='bbox 1479 4008 1536 4070; x_wconf 93' lang='lat' dir='ltr'><strong>vol.</strong></span> <span class='ocrx_word' id='word_1_361' title='bbox 1552 4006 1624 4082; x_wconf 84' lang='lat' dir='ltr'><strong>Xll,</strong></span> <span class='ocrx_word' id='word_1_362' title='bbox 1723 4038 1726 4042; x_wconf 43' lang='grc'>’</span> 
     </span>
    </p>
   </div>
   <div class='ocr_carea' id='block_1_4' title="bbox 240 4116 1112 4200">
    <p class='ocr_par' dir='ltr' id='par_1_5' title="bbox 240 4116 1112 4200">
     <span class='ocr_line' id='line_1_36' title="bbox 240 4116 1112 4200; baseline 0 -21"><span class='ocrx_word' id='word_1_363' title='bbox 240 4140 270 4199; x_wconf 91' lang='lat' dir='ltr'><strong>p.</strong></span> <span class='ocrx_word' id='word_1_364' title='bbox 288 4116 466 4179; x_wconf 74' lang='lat' dir='ltr'><strong>lai-462</strong></span> <span class='ocrx_word' id='word_1_365' title='bbox 485 4117 620 4193; x_wconf 87' lang='lat' dir='ltr'><strong>insertis,</strong></span> <span class='ocrx_word' id='word_1_366' title='bbox 638 4117 739 4182; x_wconf 87' lang='lat' dir='ltr'><strong>Koohi</strong></span> <span class='ocrx_word' id='word_1_367' title='bbox 757 4121 962 4200; x_wconf 88' lang='lat' dir='ltr'><strong>grammatica</strong></span> <span class='ocrx_word' id='word_1_368' title='bbox 980 4116 1112 4200; x_wconf 89' lang='lat' dir='ltr'><strong>anglica.</strong></span> 
     </span>
    </p>
   </div>
   <div class='ocr_carea' id='block_1_5' title="bbox 241 4327 1625 4576">
    <p class='ocr_par' dir='ltr' id='par_1_6' title="bbox 241 4327 1625 4576">
     <span class='ocr_line' id='line_1_37' title="bbox 330 4327 1304 4398; baseline -0.001 -16"><span class='ocrx_word' id='word_1_369' title='bbox 330 4327 356 4397; x_wconf 82' lang='lat'><strong>⁶)</strong></span> <span class='ocrx_word' id='word_1_370' title='bbox 374 4328 446 4382; x_wconf 90' lang='lat' dir='ltr'><strong>Vide</strong></span> <span class='ocrx_word' id='word_1_371' title='bbox 465 4327 502 4380; x_wconf 87' lang='lat' dir='ltr'><strong>sis</strong></span> <span class='ocrx_word' id='word_1_372' title='bbox 522 4343 555 4382; x_wconf 87' lang='lat' dir='ltr'><strong>ea</strong></span> <span class='ocrx_word' id='word_1_373' title='bbox 574 4344 644 4396; x_wconf 89' lang='lat' dir='ltr'><strong>quae</strong></span> <span class='ocrx_word' id='word_1_374' title='bbox 663 4329 798 4384; x_wconf 84' lang='lat' dir='ltr'><strong>Hoeferus</strong></span> <span class='ocrx_word' id='word_1_375' title='bbox 817 4330 908 4384; x_wconf 91' lang='lat' dir='ltr'><strong>libelli</strong></span> <span class='ocrx_word' id='word_1_376' title='bbox 927 4330 969 4384; x_wconf 86' lang='lat' dir='ltr'><strong>sui</strong></span> <span class='ocrx_word' id='word_1_377' title='bbox 988 4349 1014 4398; x_wconf 91' lang='lat' dir='ltr'><strong>p.</strong></span> <span class='ocrx_word' id='word_1_378' title='bbox 1031 4332 1143 4385; x_wconf 79' lang='lat'><strong>60-6‘2.</strong></span> <span class='ocrx_word' id='word_1_379' title='bbox 1166 4329 1304 4397; x_wconf 85' lang='lat' dir='ltr'><strong>exposuit.</strong></span> 
     </span>
     <span class='ocr_line' id='line_1_38' title="bbox 330 4415 1625 4486; baseline -0.002 -16"><span class='ocrx_word' id='word_1_380' title='bbox 330 4417 355 4485; x_wconf 72' lang='grc' dir='ltr'><strong>θ)</strong></span> <span class='ocrx_word' id='word_1_381' title='bbox 376 4415 416 4470; x_wconf 83' lang='lat' dir='ltr'><strong>Cf.</strong></span> <span class='ocrx_word' id='word_1_382' title='bbox 437 4432 471 4470; x_wconf 89' lang='lat' dir='ltr'><strong>ea</strong></span> <span class='ocrx_word' id='word_1_383' title='bbox 496 4433 566 4485; x_wconf 89' lang='lat' dir='ltr'><strong>quae</strong></span> <span class='ocrx_word' id='word_1_384' title='bbox 585 4418 771 4473; x_wconf 84' lang='lat' dir='ltr'><strong>Schweizerus</strong></span> <span class='ocrx_word' id='word_1_385' title='bbox 796 4419 959 4483; x_wconf 63' lang='lat' dir='ltr'><strong>in-„eensura</strong></span> <span class='ocrx_word' id='word_1_386' title='bbox 978 4419 1068 4486; x_wconf 92' lang='lat' dir='ltr'><strong>Boppi</strong></span> <span class='ocrx_word' id='word_1_387' title='bbox 1087 4418 1283 4485; x_wconf 82' lang='lat' dir='ltr'><strong>grammaticae</strong></span> <span class='ocrx_word' id='word_1_388' title='bbox 1303 4416 1508 4485; x_wconf 87' lang='lat' dir='ltr'><strong>comparativae</strong></span> <span class='ocrx_word' id='word_1_389' title='bbox 1531 4415 1625 4468; x_wconf 88' lang='lat' dir='ltr'><strong>Kuhni</strong></span> 
     </span>
     <span class='ocr_line' id='line_1_39' title="bbox 241 4502 1003 4576; baseline -0.001 -16"><span class='ocrx_word' id='word_1_390' title='bbox 241 4505 391 4560; x_wconf 87' lang='lat' dir='ltr'><strong>annalibus</strong></span> <span class='ocrx_word' id='word_1_391' title='bbox 411 4521 434 4558; x_wconf 87' lang='lat' dir='ltr'><strong>a.</strong></span> <span class='ocrx_word' id='word_1_392' title='bbox 456 4507 525 4560; x_wconf 82' lang='lat'>1854</span> <span class='ocrx_word' id='word_1_393' title='bbox 544 4505 648 4560; x_wconf 88' lang='lat' dir='ltr'><strong>inserta</strong></span> <span class='ocrx_word' id='word_1_394' title='bbox 666 4525 692 4574; x_wconf 85' lang='lat' dir='ltr'><strong>p.</strong></span> <span class='ocrx_word' id='word_1_395' title='bbox 712 4509 763 4561; x_wconf 79' lang='lat'><strong>357</strong></span> <span class='ocrx_word' id='word_1_396' title='bbox 783 4502 1003 4576; x_wconf 85' lang='lat' dir='ltr'><strong>sqq.&#39;·iudicavit.</strong></span> 
     </span>
    </p>
   </div>
   <div class='ocr_carea' id='block_1_6' title="bbox 772 4741 1093 4750">
    <p class='ocr_par' dir='ltr' id='par_1_7' title="bbox 772 4741 1093 4750">
     <span class='ocr_line' id='line_1_40' title="bbox 772 4741 1093 4750; baseline -0.003 -1"><span class='ocrx_word' id='word_1_397' title='bbox 772 4741 1093 4750; x_wconf 77' lang='lat'>.—-.-—-—-——-</span> 
     </span>
    </p>
   </div>
   <div class='ocr_carea' id='block_1_7' title="bbox 0 0 1804 5454">
    <p class='ocr_par' dir='ltr' id='par_1_8' title="bbox 0 0 1804 5454">
     <span class='ocr_line' id='line_1_41' title="bbox 0 0 1804 5454; baseline 0 0"><span class='ocrx_word' id='word_1_398' title='bbox 0 0 1804 5454; x_wconf 95' lang='lat' dir='ltr'><strong> </strong></span> 
     </span>
    </p>
   </div>
  </div>
 </body>
</html>
