3600 5454
874 263 917 330 65

791 360 908 366 .—-—.
923 359 1003 366 .-.-

205 463 364 528 variorum
386 460 613 527 infinitivorum
631 462 786 554 ubertate,
808 464 994 546 praesertim
1015 484 1085 526 cum
1104 463 1136 526 in
1156 462 1298 544 Rigvoda
1317 459 1444 545 quidem
1462 480 1588 525 accusa-

205 569 305 635 tivum
333 569 600 635 substantivorum
627 567 775 633 infinitivi
802 576 909 652 partes
938 591 1031 653 agere
1059 568 1243 645 viderimus,
1269 570 1392 632 nullum
1420 568 1590 632 accusativi

205 699 276 742 cum
304 675 458 741 infinitivo
487 676 646 741 coniuncti
673 677 839 759 vestigium
868 674 1042 761 appareti)
1084 674 1180 739 Cuius
1208 676 1254 739 rei
1283 696 1410 739 causam
1436 674 1510 738 inde
1538 694 1590 736 ex·

205 783 312 848 istirno
338 783 542 866 repetendam
570 804 650 859 esse,
679 784 763 865 quod
791 785 877 866 apud
903 790 1025 847 veteres
1053 775 1158 846 Indos*
1177 788 1209 845 et
1230 782 1415 846 Bactrianos
1443 779 1591 844 infinitivi

205 891 331 973 plenam
355 889 545 954 substantivi
568 891 631 953 vim
654 896 861 954 conaturam
883 890 929 954 ita
952 894 1164 964 servaverunt,
1187 893 1223 952 ut
1245 909 1320 952 usus
1344 909 1452 952 eorum
1470 887 1590 950 formae

206 997 326 1061 casuali
349 1017 443 1078 quam
454 987 597 1080 'quisque
620 1017 696 1078 prae
719 1017 752 1060 se
771 996 869 1060 ferret
888 1017 1010 1078 sempor
1028 994 1242 1077 responderet.
1280 994 1347 1071 Quo
1366 994 1466 1077 magis
1484 998 1590 1057 autem

206 1101 379 1167 infinitivus
407 1124 427 1166 a
448 1103 654 1186 primigeniae
677 1125 752 1167 suae
775 1103 894 1167 formae
918 1103 949 1166 vi
972 1101 1140 1166 recedebat
1164 1107 1196 1164 et
1219 1122 1280 1184 quo
1304 1101 1434 1183 propius
1456 1122 1477 1164 a
1495 1101 1590 1165 verbo

206 1208 328 1286 aberat,
352 1232 390 1274 ex
410 1231 471 1293 quo
490 1210 579 1274 verbi
599 1215 793 1297 ettempora
812 1216 844 1273 et
863 1231 979 1292 genera
998 1207 1174 1290 significare
1193 1209 1304 1290 coepit,
1323 1229 1360 1272 eo
1379 1206 1503 1272 facilius
1521 1206 1589 1271 fieri

205 1317 320 1398 potuit,
343 1322 378 1379 ut
397 1322 558 1380 structura
575 1318 745 1381 accusativi
765 1338 836 1380 cum
855 1314 1010 1379 infinitivo
1031 1322 1175 1379 oreretur
1194 1320 1325 1397 ortaque
1344 1312 1440 1378 latius
1457 1320 1590 1396 pateret.

207 1421 294 1498 Quae
318 1427 470 1505 quantam
491 1425 554 1487 vim
578 1426 610 1486 in
634 1425 808 1488 orationem
832 1429 864 1487 et
882 1420 1137 1505 amplificandam
1157 1427 1189 1484 et
1206 1421 1445 1503 perpoliendam
1463 1443 1590 1487 exercu-

207 1527 277 1603 erit,
299 1531 389 1592 testis
408 1536 456 1592 est
475 1531 629 1612 imprimis
649 1529 1133 1611 GraecorumRomanorumque
1151 1528 1268 1610 lingua.
1306 1528 1489 1593 Orationem
1508 1531 1591 1593 enim

206 1634 368 1717 obliquam
396 1658 477 1718 quae
504 1642 647 1712 vocatur,
674 1642 711 1699 ut
734 1636 794 1701 hoc
815 1658 914 1699 unum
937 1655 1189 1710 commemorem,
1216 1635 1302 1715 apud
1324 1634 1481 1699 Romanos
1505 1641 1590 1700 certe

205 1743 384 1805 accusativo
408 1764 479 1807 cum
498 1740 652 1806 infinitivo
671 1747 823 1824 tanquam
841 1742 1046 1806 fundamento
1066 1743 1126 1805 niti
1145 1743 1214 1823 quis
1234 1748 1281 1804 est
1300 1743 1355 1822 qui
1372 1743 1485 1824 neget?
1522 1742 1591 1806 Hoc

205 1854 312 1912 autem
336 1848 462 1912 dicendi
485 1870 613 1931 genere,
637 1850 719 1932 quod
744 1848 855 1913 Graeci
881 1854 912 1912 et
935 1848 1069 1911 Romani
1092 1850 1227 1912 maxime
1251 1847 1468 1924 excoluerunt,
1490 1870 1591 1933 neque

205 1954 277 2018 Indi
295 1976 397 2037 neque
415 1956 577 2020 Bactriani
597 1958 644 2020 usi
664 1953 802 2042 sunt‚**)
827 1977 960 2038 quorum
979 1955 1087 2038 lingua
1105 1955 1237 2036 simplex
1256 1959 1288 2018 et
1306 1953 1441 2018 candida
1459 1976 1479 2018 a
1496 1956 1589 2019 nimis

205 2060 300 2142 longa
332 2069 538 2145 contortaque
566 2065 794 2126 sententiarum
823 2047 1058 2126 continuatione
1085 2061 1279 2124 abhorreret.
1327 2061 1414 2137 Quae
1441 2082 1491 2125 res
1519 2084 1589 2126 cum

206 2165 297 2230 docet
321 2189 412 2250 quem
432 2170 616 2232 eruditionis
635 2169 768 2250 gradum
786 2175 908 2232 veteres
927 2168 998 2232 Indi
1017 2174 1050 2231 et
1067 2168 1229 2230 Bactriani
1248 2167 1407 2231 consecuti
1426 2169 1499 2244 sint,
1522 2174 1589 2231 turn

206 2273 315 2336 eadem
342 2274 428 2338 haud
456 2277 520 2339 scio
548 2296 589 2337 an
617 2281 801 2357 argumento
831 2296 897 2338 esse
925 2276 1038 2355 possit,
1071 2294 1165 2356 quam
1192 2294 1255 2336 non
1284 2274 1397 2337 idonea
1424 2276 1589 2358 utriusque

204 2379 312 2461 populi
336 2381 444 2462 lingua
467 2386 644 2445 structurae
667 2383 834 2445 accusativi
855 2402 925 2445 cum
944 2379 1098 2444 infinitivo
1117 2379 1222 2444 fuerit.
1260 2379 1410 2444 Attamen
1428 2383 1461 2443 in
1480 2381 1590 2464 lingua

206 2488 361 2549 sanserita
383 2488 566 2568 posterioris
589 2489 754 2570 temporis,
782 2508 862 2570 quae
885 2485 1049 2551 infinitivis
1075 2488 1107 2549 in
1131 2491 1198 2551 tum
1220 2484 1318 2550 finitis
1341 2486 1407 2551 fere
1430 2488 1589 2564 utebatur,

181 2658 183 2662 ⁴
204 2592 355 2656 nonnulla
373 2595 516 2676 exempla
534 2595 703 2659 accusativi
722 2616 793 2658 cum
811 2592 967 2657 infinitivo
987 2596 1128 2677 quamvis
1146 2616 1221 2659 rara
1239 2596 1303 2657 sint
1320 2595 1530 2676 reperiuntur,
1553 2601 1589 2658 ut

205 2697 275 2762 sav.
295 2699 324 2775 5,
345 2699 422 2764 100:
444 2700 518 2783 yadi
537 2707 630 2780 marn
650 2723 686 2765 ca
701 2701 856 2783 jivitum
874 2702 1031 2776 icchasi,
1050 2701 1076 2763 si
1095 2722 1144 2765 me
1163 2701 1267 2765 vivere
1286 2703 1387 2782 cupis3
1412 2700 1494 2765 Sinn.
1513 2702 1588 2765 Vrli.

204 2805 242 2868 K.
260 2828 289 2887 p.
309 2806 383 2882 314,
395 2808 476 2884 172,
495 2809 580 2892 quod
598 2808 774 2890 exemplum
792 2806 947 2872 Hoeferus
966 2807 1039 2870 libri
1059 2808 1107 2870 sni
1126 2829 1155 2889 p.
1178 2807 1241 2870 122
1259 2806 1395 2889 profert:
1417 2807 1588 2889 rajanam

205 2915 352 2990 suatum
376 2920 462 2977 tatra
486 2915 665 2995 dadarca,
693 2936 800 2997 regem
823 2913 869 2977 ibi
892 2914 996 2978 lavare
1019 2914 1113 2990 vidit,
1141 2915 1196 2978 sed
1219 2913 1367 2987 usitatior
1391 2913 1589 2977 accusativus

205 3039 275 3081 cum
297 3020 466 3101 participio
491 3023 674 3084 coniunctus
697 3022 823 3084 videtur
845 3021 949 3096 fuisso,
974 3019 1013 3083 cf.
1037 3020 1129 3082 MBh.
1149 3019 1179 3095 3,
1199 3018 1278 3083 345:
1300 3020 1374 3102 yadi
1386 3069 1463 3083 .....
1473 3021 1588 3084 kaura-

204 3129 285 3208 vyan
299 3125 519 3208 jivamanan
537 3127 589 3189 ihe
608 3126 760 3202 ’cchasi,
779 3128 806 3190 si
820 3127 1121 3209 Kauravyas'viverc
1136 3126 1232 3208 cupis.
1260 3126 1297 3189 N.
1312 3125 1413 3202 XVII,
1428 3127 1485 3190 28:
1504 3131 1588 3206 marn

204 3232 262 3295 ced
289 3233 405 3297 icchasi
429 3233 591 3316 jivantim,
619 3253 668 3296 me
696 3227 723 3295 si
751 3234 838 3314 cupis
866 3234 976 3296 vivere.
1014 3231 1089 3317 Qali.
1109 3231 1199 3296 Chen.
1222 3231 1294 3308 158,
1314 3233 1349 3297 δε
1378 3233 1472 3311 aliam
1494 3239 1589 3318 tvaya

203 3339 496 3423 pratyabhijnatam
523 3344 684 3403 atmanam
712 3338 858 3414 icchami,
887 3359 944 3421 ego
969 3360 988 3402 a
1011 3345 1043 3402 te
1067 3339 1195 3420 agnosci
1219 3340 1318 3421 cupio.
1348 3338 1400 3424 (cf.
1424 3314 1482 3403 lix.
1504 3339 1588 3404 Pctr.

203 3444 228 3522 Ι,
249 3446 336 3534 823.)
373 3447 450 3513 Post
472 3446 568 3511 verba
592 3435 717 3510 dicendi
741 3452 772 3509 et
796 3445 911 3509 similia
933 3451 1040 3509 utrum
1063 3445 1259 3509 accusativus
1284 3467 1354 3509 cum
1373 3444 1527 3512 infinitivo
1546 3447 1588 3510 sit

204 3555 389 3618 statuendus
413 3576 519 3631 necne,
542 3560 628 3619 certo
652 3552 819 3617 diiudicari
842 3554 962 3634 nequit,
986 3555 1135 3636 quoniam
1156 3552 1236 3617 haec
1258 3552 1355 3616 verba
1372 3575 1444 3616 cum
1461 3573 1588 3618 accusa

205 3658 270 3718 tivo
289 3681 369 3738 pers.
390 3661 478 3743 iungi
497 3663 608 3737 solent,
632 3660 668 3724 cf.
688 3660 758 3723 Nal.
777 3660 831 3736 IX,
853 3660 907 3723 17:
932 3661 1185 3743 damayantlm
1203 3661 1280 3723 atha
1299 3658 1451 3735 ’bravit,
1472 3659 1588 3723 Darna

205 3763 331 3840 yantiae
355 3765 468 3830 deinde
491 3768 579 3830 dixit.
618 3768 655 3843 X,
676 3767 733 3830 25:
757 3787 846 3830 evam
869 3767 985 3829 uktvat
1008 3767 1132 3848 priyam
1154 3766 1348 3849 bharyam,
1371 3767 1416 3830 sic
1439 3765 1523 3830 fatus
1546 3767 1587 3830 ad

206 3871 345 3930 amatam
358 3891 495 3935 uxorem.
524 3874 594 3950 VII,
608 3875 643 3937 4:
657 3873 886 3956 pushkaram
900 3872 970 3936 dhe
983 3871 1074 3948 ’dant
1088 3873 1271 3936 Pusbkarae
1286 3874 1366 3938 dixit
1380 3874 1448 3938 hoc.
1476 3873 1588 3957 Itaque

204 3972 301 4037 rerba
333 3996 413 4056 quae
445 3975 594 4059 leguntur
621 3980 729 4063 Hitop.
749 3979 802 4056 57,
822 3981 856 4043 6:
889 3979 1114 4062 rajyasukham
1141 3980 1320 4063 parityajya
1347 3980 1587 4058 sthantntaram

205 4085 336 4162 gantum
363 4080 494 4147 katham
520 4090 605 4162 mam
628 4086 853 4150 sambhashase
877 4089 923 4149 ita
946 4086 1128 4168 accipienda
1151 4092 1237 4162 sunt,
1264 4091 1408 4150 utinam
1432 4108 1469 4151 ex
1492 4087 1587 4151 verbo

204 4185 294 4252 finito
318 4188 541 4255 sambhashase
564 4193 715 4274 pendeat,
743 4201 839 4277 atque
861 4193 1026 4258 vertenda:
1054 4193 1178 4274 imperii
1201 4194 1397 4275 iucunditate
1420 4194 1531 4259 relicta
1553 4194 1586 4256 in

293 4384 316 4451 *)
343 4384 473 4453 Legimus
498 4384 608 4452 quidem
632 4404 656 4456 y.
676 4388 719 4453 43,
739 4389 785 4442 17:
811 4387 885 4454 cardi
909 4385 1078 4454 btzhuyai
1101 4387 1266 4439 haurvata
1286 4389 1486 4451 amerettta,
1510 4386 1586 4439 utin

204 4472 320 4542 imperio
343 4474 398 4527 sint
416 4475 518 4528 Haurv.
543 4481 571 4528 et
589 4470 720 4540 Ameret,
745 4492 797 4543 quo
820 4476 879 4528 loco
903 4473 1038 4527 infinitivo
1062 4474 1231 4543 buzhdyti
1255 4476 1308 4528 duo
1327 4475 1478 4528 accusativi
1497 4475 1586 4529 dualis

203 4562 327 4616 adiuncti
350 4569 425 4629 sunt,
450 4570 542 4617 tamen
566 4564 630 4617 huic
653 4565 694 4617 rei
720 4580 774 4616 non
797 4570 854 4616 tam
878 4563 993 4615 multum
1017 4563 1173 4628 tribuerim,
1198 4570 1228 4616 ut
1250 4564 1413 4618 Bactrianos
1436 4564 1491 4619 iam
1515 4566 1586 4618 hanc

204 4658 368 4706 structuram
387 4652 495 4707 novisse
514 4652 579 4706 inde
599 4651 734 4720 colligam.

274 4740 313 4806 **)
334 4742 373 4796 ef.
393 4742 467 4813 Jolly
486 4742 502 4796 l
523 4743 540 4795 l.
561 4759 623 4812 pag.
645 4734 766 4811 124'sqq

271 4841 380 4890 Willrelrn,
397 4843 422 4883 de
432 4842 554 4894 infinitivo.
1356 4834 1373 4890 5
