3600 5454
891 288 910 361 3

792 390 1005 397 ——-

206 494 239 560 in
258 517 291 561 66
309 494 456 579 recipere,
476 501 583 559 tamen
602 493 791 578 peculiarem
808 493 871 556 vim
890 491 1049 557 verbalem
1067 492 1211 570 retinere,
1232 511 1303 556 cum
1316 488 1479 556 obiectum
1497 492 1589 556 abeo

205 605 341 686 pendere
359 603 458 686 possit
478 606 590 685 quarto
609 601 675 665 fere
693 622 767 665 casu
786 600 972 684 appositum.
1001 598 1053 663 Sic
1070 597 1261 663 infinitivum
1278 599 1414 663 transire
1428 599 1463 662 in
1475 620 1590 681 gerun-

206 712 293 774 dium
312 733 340 792 p.
361 710 411 773 88.
449 709 499 772 En
521 708 673 773 habemus
691 708 826 772 alterum
845 729 952 790 genus,
977 707 1061 789 quod
1079 706 1163 789 apud
1183 705 1319 770 Graecos
1339 704 1493 770 infinitivo
1512 707 1590 770 arti-

193 794 276 880 'culo
299 817 431 892 adiectc,
454 816 538 899 apud
557 815 687 879 Latinos
710 815 864 896 gerundio
888 819 920 877 ct
943 813 1055 895 supino
1079 810 1251 895 significari
1269 811 1493 876 Humboldtius
1513 813 1591 877 dicit

205 946 234 1006 p.
255 923 296 986 89
316 945 382 1006 sqq.
410 923 478 986 Iam
496 944 569 987 vero
588 923 616 985 si
630 919 777 986 infinitivi
792 921 893 984 forma
907 926 1057 1003 tanquam
1072 941 1184 984 nomon
1199 918 1390 982 adhibeatur
1404 920 1591 983 destitutum

206 1030 286 1093 illud
305 1030 432 1113 quidem
451 1030 535 1093 omni
553 1031 583 1092 vi
602 1028 731 1105 verbali,
750 1029 833 1092 unde
852 1028 947 1091 aliam
966 1027 1081 1090 obiecti
1100 1026 1258 1090 referendi
1273 1026 1428 1090 rationem
1443 1027 1590 1110 consequi

206 1157 331 1200 11666666
350 1137 400 1212 611,
418 1136 467 1200 161
485 1137 512 1200 61
531 1157 569 1200 ex
588 1137 659 1199 aliis
677 1134 766 1198 verbi
784 1134 929 1218 partibus
944 1133 1140 1198 substantiva
1154 1133 1396 1211 conformentur,
1417 1154 1456 1196 ex
1470 1133 1590 1216 origine

206 1263 263 1306 sua
282 1263 319 1306 66
337 1242 489 1325 appellari
508 1242 705 1307 substantiva
722 1240 871 1317 verbalia,
888 1261 971 1324 quae
989 1240 1084 1304 tertio
1104 1240 1158 1303 illo
1178 1261 1291 1322 genero
1310 1240 1541 1304 contineantur.

295 1349 381 1426 Quae
409 1349 631 1413 Humboldtius
659 1348 883 1432 explicaverat,
911 1369 949 1411 ea
976 1347 1017 1410 M.
1047 1346 1240 1410 Schmidtius
1267 1347 1301 1410 in
1329 1347 1590 1410 commentatione

207 1477 301 1537 quam
320 1477 415 1538 supra
433 1449 671 1520 commemoravi
690 1457 867 1519 accuratius
886 1454 1077 1518 examinavit
1096 1459 1128 1518 et
1146 1473 1292 1535 magnam
1310 1459 1433 1536 partem
1446 1453 1590 1518 refellere

207 1562 336 1626 studuit.
375 1561 435 1638 Qui
459 1562 636 1626 6111111111116
660 1561 848 1626 sententiam
872 1559 1080 1644 improbasset
1104 1566 1135 1623 et
1159 1582 1229 1624 cum
1252 1560 1373 1644 Bcppio
1401 1559 1589 1624 infinitivum

206 1690 262 1750 pro
290 1668 487 1732 substantivo
515 1668 695 1732 habendam
723 1689 790 1732 esse
818 1667 1039 1745 existimasset,
1070 1665 1295 1730 Humboldtius
1322 1673 1359 1730 ut
1386 1668 1419 1730 in
1447 1688 1588 1750 campum

206 1775 410 1839 descenderet
434 1779 466 1839 61
484 1796 551 1839 16111
569 1775 602 1837 111
621 1774 881 1857 disceptationem
899 1780 1042 1838 vocatam
1060 1774 1163 1837 denuo
1182 1778 1336 1837 tractaret
1354 1780 1514 1857 permotus
1534 1779 1589 1838 est.

206 1881 248 1944 Et
266 1882 318 1945 hic
336 1883 463 1964 quidem
482 1881 617 1965 epistula
635 1882 676 1945 ad
694 1882 736 1944 M.
755 1880 965 1945 Schmidtiuru
983 1881 1086 1956 missa,
1106 1901 1186 1964 quae
1204 1881 1237 1942 in
1252 1879 1417 1944 Aufrechti
1437 1887 1468 1944 ct
1482 1881 1589 1944 Kuhui

206 1987 372 2052 aruralibus
390 2011 418 2052 a.
440 1987 534 2052 1853.
554 1987 594 2066 ΙΙ,
612 2011 641 2071 p.
657 1989 722 2051 242
742 2010 807 2072 sqq.
825 1986 944 2070 publici
963 1988 1040 2051 iuris
1055 1987 1140 2052 facta
1155 1993 1210 2065 cst,
1232 2008 1311 2070 quae
1326 1993 1590 2051 6111666161116161

206 2116 325 2159 summo
345 2117 406 2179 quc
425 2102 494 2160 erat
512 2097 654 2159 acumine
673 2095 823 2174 defendit,
845 2116 907 2178 qua
925 2095 959 2157 111
977 2116 1011 2159 16
1030 2115 1093 2158 11611
1112 2100 1178 2158 16111
1197 2095 1245 2157 6111
1264 2094 1362 2176 ipsius
1381 2114 1475 2177 quam
1492 2101 1589 2158 Bern-

205 2201 311 2264 hardii
333 2203 544 2285 patrocinium
567 2224 600 2266 se
620 2202 790 2284 suscepisse
809 2201 937 2277 fatetur,
960 2202 1024 2263 6116
1043 2200 1169 2263 addidit
1188 2223 1217 2284 p.
1239 2201 1313 2277 246,
1336 2200 1400 2264 6116
1418 2202 1512 2283 paulo
1531 2202 1589 2266 im-

206 2309 352 2384 mutavit,
379 2309 477 2372 veluti
499 2332 527 2390 p.
553 2309 617 2370 241)
643 2309 724 2371 dixit
746 2309 778 2370 in
802 2305 958 2370 infinitivo
982 2308 1082 2370 inesse
1105 2307 1296 2389 peculiarem
1319 2328 1357 2369 ac
1378 2308 1505 2390 plenam
1526 2309 1588 2371 vim

205 2412 372 2488 verbalem,
391 2435 470 2496 quae
488 2415 529 2476 ad
548 2415 698 2496 temporis
716 2415 781 2478 sive
798 2418 991 2477 momentum
1009 2414 1074 2476 sive
1092 2414 1229 2496 spatium
1248 2419 1413 2497 spectaret,
1433 2420 1507 2497 etp.
1523 2415 1586 2479 247

206 2516 395 2582 infinitivum
415 2521 550 2584 articulo
570 2521 758 2584 instructum
777 2526 898 2584 certum
915 2521 1037 2603 aliquid
1055 2541 1093 2583 66
1111 2519 1275 2584 definitum
1294 2520 1472 2603 significare
1491 2543 1588 2604 eoque

205 2626 298 2689 modo
323 2648 393 2689 cum
415 2629 574 2710 propriam
599 2628 735 2692 exuisset
753 2632 900 2691 naturam
918 2628 951 2690 111
968 2648 1089 2690 1116111111
1108 2627 1340 2691 substantivum
1357 2628 1455 2692 abire.
1493 2628 1588 2692 Cuius

206 2734 394 2796 sententiam
417 2735 553 2817 amplexi
577 2739 650 2797 sunt
669 2735 718 2797 Fr.
737 2733 921 2798 Lueblrerus
945 2739 977 2797 61
995 2733 1028 2797 F.
1048 2733 1274 2809 6661116611,
1298 2757 1431 2818 quorum
1449 2736 1530 2799 alter
1548 2737 1588 2799 de

137 2864 140 2880 ·
204 2860 264 2901 usu
282 2837 430 2904 infinitivi
448 2840 594 2905 Plautino
614 2841 744 2904 Stesvici
765 2841 859 2917 1841,
877 2842 960 2904 61161
978 2841 1017 2904 de
1035 2862 1094 2904 usu
1113 2839 1261 2904 infinitivi
1276 2841 1455 2905 Horatiano
1465 2842 1588 2906 Vratis-

205 2944 306 3008 laviae
336 2946 421 3009 1854
449 2947 582 3029 scripsit.
619 2947 666 3010 Ne
689 2948 717 3010 J.
742 2947 913 3011 Grimmius
937 2947 1064 3029 quidem
1086 2947 1127 3010 ab
1151 2949 1334 3013 6616116116
1358 2946 1520 3012 deflexisse
1543 2950 1588 3012 vi-

207 3051 307 3126 detur,
331 3052 385 3133 qui
407 3059 571 3133 grammat.
591 3039 728 3134 german.
747 3055 805 3117 vol.
825 3054 880 3129 IV,
899 3077 927 3135 p.
947 3051 999 3129 56,
1019 3052 1058 3115 91
1086 3055 1125 3116 de
1144 3055 1290 3118 universa
1308 3052 1456 3118 infinitivi
1475 3061 1589 3120 natura

206 3155 386 3239 disputavit.
424 3157 522 3221 Plane
545 3158 641 3226 aliam
662 3165 757 3240 atque
775 3159 1000 3223 Humboldtius
1022 3159 1106 3221 viam
1129 3158 1287 3243 ingressus
1311 3161 1588 3225 661Α.Η66161116

205 3262 312 3326 libello
332 3264 371 3327 de
389 3262 545 3329 infinitivo
564 3265 718 3348 imprimis
737 3265 890 3329 6611661116
910 3266 995 3330 edito
1013 3265 1154 3329 Berolini
1176 3267 1270 3331 1840.
1299 3268 1428 3332 Etenim
1446 3291 1516 3332 cum
1534 3267 1588 3333 1116

205 3369 239 3434 id
262 3370 362 3434 solum
387 3377 509 3452 ageret,
534 3376 569 3434 ut
593 3373 659 3435 eius
683 3393 744 3455 quo
768 3371 862 3436 hodie
885 3373 1007 3436 utimur
1030 3371 1177 3437 infinitivi
1200 3375 1263 3438 vim
1287 3381 1319 3439 et
1342 3382 1488 3440 naturam
1512 3398 1587 3439 cuu-

205 3477 322 3541 clearet
345 3484 440 3561 atque
459 3479 553 3542 certis
573 3478 761 3561 quibusdam
779 3477 895 3544 finibus
914 3479 1192 3559 circumscriberet,
1217 3481 1270 3545 hic
1287 3488 1361 3546 ante
1380 3483 1486 3547 omnia
1503 3485 1587 3547 unde

204 3581 377 3647 infinitivus
404 3586 559 3667 originem
586 3586 727 3651 duxisset
749 3607 900 3669 quaerere
922 3587 1075 3662 instituit,
1104 3610 1165 3671 quo
1189 3588 1312 3653 facilius
1336 3596 1368 3653 61
1391 3582 1505 3653 certius
1527 3590 1588 3653 hoc

205 3688 332 3754 invento
355 3694 618 3773 quemadmodum
641 3695 707 3758 eius
731 3695 778 3758 vis
796 3694 948 3758 hebetata
966 3699 1047 3759 esset
1066 3695 1348 3783 intellegeretur3).
1386 3696 1429 3760 Et
1445 3696 1587 3779 profecto

205 3792 287 3856 hanc
309 3796 462 3860 rationem
484 3820 579 3862 unam
602 3799 741 3863 omnium
763 3821 869 3864 veram
892 3805 924 3864 61
947 3800 1042 3865 1111666
1066 3807 1098 3864 61
1122 3823 1188 3866 6666
1211 3822 1269 3883 ego
1288 3803 1415 3885 quidem
1434 3803 1587 3866 existimo.

205 3898 359 3963 Hoeferus
381 3901 478 3982 igitur
501 3926 571 3968 cum
593 3907 627 3969 in
650 3906 753 3970 varias
776 3905 924 3970 infinitivi
947 3908 1210 3973 conformationes
1230 3909 1450 3991 inquisivisset,
1475 3909 1587 3993 quain

204 4027 239 4069 16
262 4027 331 4069 eum
354 4011 530 4092 temporum
552 4011 720 4095 iniquitate
742 4033 843 4097 neque
863 4014 939 4077 satis
958 4015 1085 4078 vedicae
1104 4014 1231 4079 dialecti
1249 4037 1351 4097 neque
1369 4016 1495 4080 omnino
1513 4016 1587 4081 bao-

205 4113 304 4176 tricae
327 4114 489 4202 linguate)
513 4117 668 4180 rationem
690 4118 807 4182 habere
829 4119 969 4201 potuisse
991 4120 1081 4184 valde
1105 4122 1274 4185 dolendum
1293 4128 1348 4201 est,
1372 4124 1414 4186 ad
1432 4123 1514 4187 116116
1533 4125 1607 4187 de··
1689 4196 1692 4205 ,

205 4220 317 4284 ductus
345 4226 393 4284 661
421 4223 622 4300 sententiam,
649 4221 839 4289 infinitivum
868 4226 1006 4289 omnium
1032 4226 1156 4290 ariacae
1183 4228 1291 4311 stirpis
1313 4228 1493 4312 linguarum
1516 4251 1586 4294 san-

205 4327 332 4406 scritae,
356 4329 526 4410 praeritae,
551 4351 695 4412 graecae,
719 4352 821 4408 oscae,
845 4332 970 4413 latinae,
995 4334 1118 4415 geticae
1142 4340 1199 4398 etc.
1222 4335 1302 4399 nihil
1325 4336 1411 4399 aliud
1436 4357 1502 4401 esso
1524 4337 1585 4401 nisi

295 4522 318 4592 Β)
339 4523 478 4580 6111661.
499 4525 516 4579 1.
537 4526 554 4580 l.
575 4541 600 4595 p.
621 4525 765 4583 6116111161.

293 4610 318 4680 4)
338 4613 415 4680 Quod
429 4614 564 4669 Hoeferus
584 4615 694 4684 linguae
713 4613 854 4672 bactricae
870 4616 1027 4688 exemplum
1047 4634 1061 4674 e
1076 4616 1167 4690 Boppi
1181 4633 1293 4690 gramm.
1310 4617 1396 4678 critic.
1413 4619 1585 4694 desumptum

204 4699 299 4753 attulit
322 4706 350 4754 et
373 4702 480 4757 dativos
504 4704 736 4760 substantivorum
760 4705 858 4760 suffixo
882 4707 909 4760 ti
931 4708 1108 4763 formatorum
1132 4710 1191 4764 loco
1215 4711 1345 4766 infinitivi
1368 4713 1397 4766 in
1421 4715 1585 4769 116611661-

205 4803 283 4842 mone
302 4791 429 4859 usurpari
450 4794 679 4860 commemoravit,
699 4793 763 4848 huic
782 4795 823 4849 rei
841 4813 894 4850 non
914 4797 1029 4852 multum
1049 4798 1224 4854 tribuendum
1245 4817 1304 4855 esse
1324 4808 1398 4870 puto.

1338 4891 1372 4944 1*
